34199.000000,1,0,100,999000,1
34199.000000,1,0,100,999100,1
34199.000000,1,0,100,999200,1
34199.000000,1,0,100,999300,1
34199.000000,1,0,100,999400,1
34199.000000,1,0,100,999500,1
34199.000000,1,0,100,999600,1
34199.000000,1,0,100,999700,1
34199.000000,1,0,100,999800,1
34199.000000,1,0,100,999900,1
34199.000000,1,0,100,1000100,-1
34199.000000,1,0,100,1000200,-1
34199.000000,1,0,100,1000300,-1
34199.000000,1,0,100,1000400,-1
34199.000000,1,0,100,1000500,-1
34199.000000,1,0,100,1000600,-1
34199.000000,1,0,100,1000700,-1
34199.000000,1,0,100,1000800,-1
34199.000000,1,0,100,1000900,-1
34199.000000,1,0,100,1001000,-1
34200.000000,4,0,0,1000000,1
34209.779258,4,0,0,1000379,1
34210.886201,4,0,0,1000365,1
34222.876898,4,0,0,1000382,1
34226.080617,4,0,0,1000523,1
34230.602927,4,0,0,1000425,1
34237.543680,4,0,0,1000346,1
34241.036325,4,0,0,1000363,1
34242.719433,4,0,0,1000341,1
34243.713250,4,0,0,1000281,1
34244.115668,4,0,0,1000275,1
34250.526091,4,0,0,1000228,1
34253.308811,4,0,0,1000278,1
34254.132612,4,0,0,1000203,1
34264.264965,4,0,0,1000090,1
34265.796115,4,0,0,1000161,1
34268.352634,4,0,0,1000310,1
34270.030847,4,0,0,1000211,1
34274.767739,4,0,0,1000281,1
34278.912546,4,0,0,1000181,1
34283.291570,4,0,0,1000091,1
34284.768589,4,0,0,1000037,1
34286.370049,4,0,0,1000011,1
34287.768093,4,0,0,1000070,1
34289.665028,4,0,0,1000118,1
34290.409164,4,0,0,1000121,1
34291.274620,4,0,0,1000104,1
34307.155254,4,0,0,1000103,1
34322.568650,4,0,0,1000081,1
34323.566550,4,0,0,1000121,1
34323.684171,4,0,0,1000110,1
34324.778094,4,0,0,1000110,1
34330.530593,4,0,0,1000097,1
34337.757589,4,0,0,1000090,1
34337.868485,4,0,0,1000094,1
34341.988613,4,0,0,1000113,1
34341.996469,4,0,0,1000119,1
34345.459968,4,0,0,1000111,1
34350.340742,4,0,0,1000283,1
34370.618569,4,0,0,1000211,1
34372.052025,4,0,0,1000182,1
34379.805190,4,0,0,1000195,1
34389.575241,4,0,0,1000249,1
34401.815403,4,0,0,1000294,1
34401.825999,4,0,0,1000300,1
34404.856105,4,0,0,1000399,1
34423.920160,4,0,0,1000502,1
34426.353508,4,0,0,1000475,1
34434.386639,4,0,0,1000458,1
34438.166013,4,0,0,1000594,1
34445.208848,4,0,0,1000621,1
34448.380160,4,0,0,1000503,1
34448.521379,4,0,0,1000490,1
34448.953969,4,0,0,1000471,1
34449.518816,4,0,0,1000514,1
34450.901878,4,0,0,1000508,1
34466.914830,4,0,0,1000953,1
34471.690226,4,0,0,1001022,1
34479.799085,4,0,0,1001035,1
34483.789905,4,0,0,1000990,1
34488.612133,4,0,0,1001094,1
34496.598530,4,0,0,1001055,1
34509.088467,4,0,0,1000902,1
34520.740034,4,0,0,1000993,1
34529.066260,4,0,0,1000990,1
34529.539192,4,0,0,1001031,1
34531.680281,4,0,0,1001024,1
34531.853101,4,0,0,1000965,1
34535.631441,4,0,0,1001039,1
34543.233243,4,0,0,1000776,1
34543.484178,4,0,0,1000815,1
34544.483569,4,0,0,1000905,1
34546.657910,4,0,0,1000873,1
34547.996782,4,0,0,1000805,1
34555.573904,4,0,0,1000609,1
34557.648477,4,0,0,1000671,1
34562.517092,4,0,0,1000647,1
34565.767794,4,0,0,1000592,1
34569.954444,4,0,0,1000565,1
34583.347052,4,0,0,1000941,1
34597.085845,4,0,0,1000998,1
34597.651975,4,0,0,1001026,1
34606.519116,4,0,0,1001136,1
34608.549139,4,0,0,1001207,1
34609.057158,4,0,0,1001244,1
34611.368525,4,0,0,1001189,1
34614.781799,4,0,0,1001167,1
34630.301696,4,0,0,1001007,1
34632.521716,4,0,0,1000953,1
34632.581210,4,0,0,1000967,1
34641.969232,4,0,0,1000885,1
34642.532233,4,0,0,1000881,1
34645.642758,4,0,0,1000819,1
34654.710356,4,0,0,1000725,1
34658.166612,4,0,0,1000796,1
34660.994883,4,0,0,1000758,1
34668.699396,4,0,0,1000687,1
34668.797874,4,0,0,1000695,1
34672.861250,4,0,0,1000744,1
34675.394557,4,0,0,1000805,1
34695.512940,4,0,0,1000833,1
34703.239668,4,0,0,1000586,1
34703.504827,4,0,0,1000602,1
34704.514894,4,0,0,1000627,1
34707.393623,4,0,0,1000712,1
34713.195722,4,0,0,1000608,1
34715.124639,4,0,0,1000782,1
34717.257766,4,0,0,1000691,1
34729.419433,4,0,0,1000812,1
34744.099355,4,0,0,1000813,1
34746.602727,4,0,0,1000773,1
34757.541268,4,0,0,1000902,1
34759.457358,4,0,0,1000882,1
34759.870172,4,0,0,1000806,1
34763.445913,4,0,0,1000694,1
34768.614509,4,0,0,1000744,1
34779.296756,4,0,0,1001103,1
34795.342827,4,0,0,1000797,1
34802.366479,4,0,0,1000791,1
34809.170187,4,0,0,1000977,1
34815.088035,4,0,0,1001047,1
34820.867831,4,0,0,1000998,1
34827.837740,4,0,0,1000806,1
34845.347795,4,0,0,1000426,1
34847.584591,4,0,0,1000369,1
34847.999051,4,0,0,1000357,1
34849.308599,4,0,0,1000228,1
34850.505339,4,0,0,1000136,1
34852.665553,4,0,0,1000157,1
34860.611761,4,0,0,1000098,1
34860.908014,4,0,0,1000078,1
34863.763447,4,0,0,1000043,1
34871.782179,4,0,0,999927,1
34873.248917,4,0,0,999983,1
34873.562008,4,0,0,1000029,1
34874.887090,4,0,0,1000148,1
34875.312072,4,0,0,1000171,1
34883.194776,4,0,0,1000274,1
34884.086872,4,0,0,1000342,1
34885.125763,4,0,0,1000431,1
34893.182292,4,0,0,1000635,1
34901.127775,4,0,0,1000802,1
34905.382320,4,0,0,1000735,1
34917.150601,4,0,0,1000455,1
34917.445459,4,0,0,1000479,1
34933.469507,4,0,0,1000454,1
34937.514537,4,0,0,1000447,1
34939.236669,4,0,0,1000388,1
34947.587380,4,0,0,1000197,1
34952.735905,4,0,0,1000355,1
34973.314629,4,0,0,1000453,1
34973.858197,4,0,0,1000414,1
34978.015315,4,0,0,1000452,1
34981.075608,4,0,0,1000478,1
34986.124871,4,0,0,1000534,1
34987.448386,4,0,0,1000662,1
34987.599553,4,0,0,1000661,1
34991.355544,4,0,0,1000535,1
34993.524105,4,0,0,1000537,1
35004.177362,4,0,0,1000428,1
35007.116942,4,0,0,1000473,1
35009.709659,4,0,0,1000489,1
35014.499869,4,0,0,1000525,1
35018.080271,4,0,0,1000470,1
35033.613465,4,0,0,1000545,1
35041.050883,4,0,0,1000472,1
35044.332639,4,0,0,1000518,1
35045.466301,4,0,0,1000501,1
35049.894020,4,0,0,1000382,1
35056.493354,4,0,0,1000444,1
35063.233293,4,0,0,1000349,1
35087.308097,4,0,0,1000693,1
35088.486545,4,0,0,1000717,1
35091.137028,4,0,0,1000753,1
35093.772655,4,0,0,1000760,1
35095.606617,4,0,0,1000755,1
35097.779867,4,0,0,1000578,1
35100.886749,4,0,0,1000684,1
35104.620328,4,0,0,1000604,1
35106.093515,4,0,0,1000661,1
35106.783223,4,0,0,1000634,1
35108.501026,4,0,0,1000624,1
35109.202435,4,0,0,1000614,1
35111.029763,4,0,0,1000543,1
35116.464066,4,0,0,1000521,1
35120.859989,4,0,0,1000569,1
35149.001153,4,0,0,1000446,1
35152.935386,4,0,0,1000320,1
35156.738741,4,0,0,1000262,1
35161.653533,4,0,0,1000288,1
35167.855642,4,0,0,1000429,1
35172.428320,4,0,0,1000516,1
35176.672704,4,0,0,1000544,1
35181.112752,4,0,0,1000437,1
35183.207216,4,0,0,1000502,1
35190.388201,4,0,0,1000502,1
35194.823399,4,0,0,1000475,1
35196.591757,4,0,0,1000535,1
35197.939113,4,0,0,1000570,1
35198.292513,4,0,0,1000584,1
35200.334985,4,0,0,1000501,1
35200.396796,4,0,0,1000494,1
35201.262419,4,0,0,1000414,1
35201.560047,4,0,0,1000419,1
35203.118069,4,0,0,1000420,1
35205.164961,4,0,0,1000486,1
35209.441072,4,0,0,1000506,1
35216.571461,4,0,0,1000454,1
35221.256696,4,0,0,1000680,1
35222.088290,4,0,0,1000633,1
35232.805430,4,0,0,1000409,1
35239.074523,4,0,0,1000330,1
35242.366476,4,0,0,1000376,1
35247.298549,4,0,0,1000335,1
35250.703244,4,0,0,1000294,1
35251.583591,4,0,0,1000241,1
35256.486572,4,0,0,1000402,1
35277.695086,4,0,0,1000250,1
35284.726987,4,0,0,1000105,1
35285.684225,4,0,0,1000099,1
35286.294014,4,0,0,1000067,1
35299.028677,4,0,0,1000022,1
35310.543835,4,0,0,1000245,1
35317.154758,4,0,0,1000186,1
35323.986972,4,0,0,1000177,1
35324.723916,4,0,0,1000161,1
35332.711375,4,0,0,1000132,1
35333.732091,4,0,0,1000173,1
35334.535691,4,0,0,1000196,1
35337.034168,4,0,0,1000169,1
35337.035999,4,0,0,1000167,1
35345.963493,4,0,0,1000144,1
35346.803350,4,0,0,1000182,1
35353.228607,4,0,0,1000177,1
35357.408503,4,0,0,1000163,1
35364.438961,4,0,0,999921,1
35368.818749,4,0,0,1000025,1
35384.383638,4,0,0,999728,1
35386.666941,4,0,0,999631,1
35389.951688,4,0,0,999596,1
35391.925835,4,0,0,999599,1
35398.415688,4,0,0,999604,1
35400.123981,4,0,0,999554,1
35407.788174,4,0,0,999511,1
35408.217751,4,0,0,999491,1
35409.502364,4,0,0,999388,1
35412.258292,4,0,0,999367,1
35412.902289,4,0,0,999340,1
35413.987065,4,0,0,999362,1
35422.793118,4,0,0,999341,1
35425.020139,4,0,0,999413,1
35426.199712,4,0,0,999451,1
35435.146273,4,0,0,999585,1
35439.240573,4,0,0,999707,1
35444.041355,4,0,0,999782,1
35454.545794,4,0,0,999754,1
35460.528540,4,0,0,999918,1
35462.000962,4,0,0,999862,1
35462.047594,4,0,0,999861,1
35465.858765,4,0,0,999944,1
35471.735203,4,0,0,999908,1
35479.566392,4,0,0,1000006,1
35480.577514,4,0,0,999966,1
35485.384796,4,0,0,999905,1
35498.718984,4,0,0,1000002,1
35500.146566,4,0,0,1000044,1
35501.800398,4,0,0,1000120,1
35504.450936,4,0,0,1000114,1
35508.498233,4,0,0,1000143,1
35530.537575,4,0,0,1000281,1
35534.778470,4,0,0,1000328,1
35545.238824,4,0,0,1000113,1
35550.342564,4,0,0,1000047,1
35553.402410,4,0,0,1000172,1
35555.145356,4,0,0,1000089,1
35557.205819,4,0,0,1000134,1
35564.381488,4,0,0,1000075,1
35565.315585,4,0,0,1000123,1
35566.025056,4,0,0,1000090,1
35567.170269,4,0,0,1000092,1
35572.453963,4,0,0,999858,1
35574.673164,4,0,0,999854,1
35575.778803,4,0,0,999910,1
35577.698114,4,0,0,999806,1
35578.105152,4,0,0,999844,1
35580.847204,4,0,0,999784,1
35588.816189,4,0,0,999775,1
35591.637422,4,0,0,999542,1
35594.471762,4,0,0,999633,1
35594.605193,4,0,0,999617,1
35596.168661,4,0,0,999583,1
35596.542198,4,0,0,999544,1
35596.776014,4,0,0,999520,1
35606.298050,4,0,0,999695,1
35612.286791,4,0,0,999632,1
35620.769067,4,0,0,999761,1
35621.450732,4,0,0,999754,1
35623.623631,4,0,0,999779,1
35635.307628,4,0,0,999690,1
35638.023052,4,0,0,999725,1
35650.446253,4,0,0,1000178,1
35665.998826,4,0,0,1000300,1
35666.030517,4,0,0,1000305,1
35668.742085,4,0,0,1000264,1
35672.924294,4,0,0,1000366,1
35674.974822,4,0,0,1000462,1
35677.229339,4,0,0,1000333,1
35679.331485,4,0,0,1000232,1
35680.587225,4,0,0,1000349,1
35680.713332,4,0,0,1000357,1
35686.992953,4,0,0,1000370,1
35718.124411,4,0,0,1000510,1
35718.311291,4,0,0,1000534,1
35727.678620,4,0,0,1000651,1
35731.435372,4,0,0,1000627,1
35731.529600,4,0,0,1000658,1
35731.870408,4,0,0,1000659,1
35735.433359,4,0,0,1000574,1
35735.961264,4,0,0,1000553,1
35737.638916,4,0,0,1000544,1
35739.174994,4,0,0,1000519,1
35756.033838,4,0,0,1000471,1
35759.065549,4,0,0,1000497,1
35760.670319,4,0,0,1000288,1
35773.980388,4,0,0,1000140,1
35790.246724,4,0,0,1000325,1
35796.321266,4,0,0,1000391,1
35797.024884,4,0,0,1000362,1
35807.571270,4,0,0,1000256,1
35810.353572,4,0,0,1000349,1
35817.726123,4,0,0,1000312,1
35823.836382,4,0,0,1000244,1
35828.897940,4,0,0,1000450,1
35835.860496,4,0,0,1000397,1
35843.845059,4,0,0,1000490,1
35846.805159,4,0,0,1000484,1
35849.973592,4,0,0,1000487,1
35850.463353,4,0,0,1000453,1
35852.678433,4,0,0,1000390,1
35863.064109,4,0,0,1000587,1
35864.253422,4,0,0,1000524,1
35870.859211,4,0,0,1000556,1
35878.713459,4,0,0,1000384,1
35879.759622,4,0,0,1000371,1
35886.673798,4,0,0,1000363,1
35891.793344,4,0,0,1000176,1
35909.514806,4,0,0,1000406,1
35911.864186,4,0,0,1000391,1
35918.621507,4,0,0,1000544,1
35927.500845,4,0,0,1000400,1
35929.778711,4,0,0,1000468,1
35930.989012,4,0,0,1000595,1
35933.184224,4,0,0,1000610,1
35938.241179,4,0,0,1000534,1
35939.663615,4,0,0,1000562,1
35949.010656,4,0,0,1000577,1
35950.682840,4,0,0,1000562,1
35957.585496,4,0,0,1000542,1
35959.436305,4,0,0,1000502,1
35962.791051,4,0,0,1000538,1
35972.699668,4,0,0,1000471,1
35975.875304,4,0,0,1000393,1
35980.553335,4,0,0,1000479,1
35982.559879,4,0,0,1000466,1
35985.581749,4,0,0,1000694,1
35985.884710,4,0,0,1000687,1
35989.390757,4,0,0,1000617,1
35992.241073,4,0,0,1000569,1
35993.939038,4,0,0,1000592,1
35994.846292,4,0,0,1000558,1
35996.837265,4,0,0,1000468,1
35998.507136,4,0,0,1000573,1
36000.659380,4,0,0,1000480,1
36008.566432,4,0,0,1000688,1
36019.366944,4,0,0,1000703,1
36031.152016,4,0,0,1000513,1
36033.768649,4,0,0,1000646,1
36044.701367,4,0,0,1000605,1
36048.929256,4,0,0,1000498,1
36076.114311,4,0,0,1000498,1
36076.748565,4,0,0,1000549,1
36083.507490,4,0,0,1000633,1
36087.749185,4,0,0,1000715,1
36091.203749,4,0,0,1000876,1
36097.989957,4,0,0,1000898,1
36106.553087,4,0,0,1000946,1
36115.053726,4,0,0,1000906,1
36117.069815,4,0,0,1000801,1
36119.360049,4,0,0,1000788,1
36123.683905,4,0,0,1000953,1
36123.893355,4,0,0,1000913,1
36131.951516,4,0,0,1001096,1
36136.167214,4,0,0,1001119,1
36138.968755,4,0,0,1001040,1
36143.827547,4,0,0,1001043,1
36157.955823,4,0,0,1001290,1
36158.688263,4,0,0,1001313,1
36166.483097,4,0,0,1001316,1
36171.585981,4,0,0,1001196,1
36172.697886,4,0,0,1001115,1
36189.744165,4,0,0,1001262,1
36192.084338,4,0,0,1001260,1
36203.347781,4,0,0,1001215,1
36206.671118,4,0,0,1001210,1
36212.005536,4,0,0,1001063,1
36222.444769,4,0,0,1001291,1
36222.732332,4,0,0,1001278,1
36224.401500,4,0,0,1001259,1
36225.336669,4,0,0,1001219,1
36225.564602,4,0,0,1001255,1
36227.563880,4,0,0,1001333,1
36239.369666,4,0,0,1001254,1
36240.762130,4,0,0,1001295,1
36241.335505,4,0,0,1001277,1
36254.932895,4,0,0,1001108,1
36258.182615,4,0,0,1001217,1
36261.233514,4,0,0,1001343,1
36266.798682,4,0,0,1001428,1
36274.918624,4,0,0,1001405,1
36276.148788,4,0,0,1001454,1
36277.229493,4,0,0,1001475,1
36279.870509,4,0,0,1001389,1
36288.862647,4,0,0,1001304,1
36301.381277,4,0,0,1001654,1
36302.390905,4,0,0,1001682,1
36307.980828,4,0,0,1001682,1
36310.802718,4,0,0,1001588,1
36320.862891,4,0,0,1001543,1
36322.537920,4,0,0,1001475,1
36324.043573,4,0,0,1001438,1
36324.149574,4,0,0,1001425,1
36333.951760,4,0,0,1001378,1
36334.819777,4,0,0,1001401,1
36336.380286,4,0,0,1001406,1
36337.732080,4,0,0,1001395,1
36349.929281,4,0,0,1001647,1
36350.336312,4,0,0,1001661,1
36352.298336,4,0,0,1001589,1
36357.751335,4,0,0,1001485,1
36358.616518,4,0,0,1001477,1
36362.736596,4,0,0,1001554,1
36365.378927,4,0,0,1001446,1
36365.442153,4,0,0,1001452,1
36369.901586,4,0,0,1001372,1
36371.938109,4,0,0,1001410,1
36373.074110,4,0,0,1001250,1
36390.735725,4,0,0,1001331,1
36399.465154,4,0,0,1001313,1
36402.311611,4,0,0,1001314,1
36404.163866,4,0,0,1001317,1
36404.231733,4,0,0,1001309,1
36410.456297,4,0,0,1001352,1
36411.936602,4,0,0,1001291,1
36415.362928,4,0,0,1001307,1
36420.064300,4,0,0,1001158,1
36426.746675,4,0,0,1001289,1
36427.569547,4,0,0,1001269,1
36428.027272,4,0,0,1001283,1
36435.137606,4,0,0,1001316,1
36435.390129,4,0,0,1001313,1
36437.884886,4,0,0,1001429,1
36438.060257,4,0,0,1001436,1
36439.173649,4,0,0,1001427,1
36440.177343,4,0,0,1001319,1
36448.934120,4,0,0,1001260,1
36455.427523,4,0,0,1001152,1
36456.768833,4,0,0,1001062,1
36460.986205,4,0,0,1001030,1
36464.248090,4,0,0,1000965,1
36464.705001,4,0,0,1000959,1
36466.821981,4,0,0,1000925,1
36473.461890,4,0,0,1001043,1
36474.120796,4,0,0,1001054,1
36475.431979,4,0,0,1001008,1
36477.538601,4,0,0,1001005,1
36477.557864,4,0,0,1001004,1
36484.655233,4,0,0,1000972,1
36487.058036,4,0,0,1001024,1
36491.923859,4,0,0,1000987,1
36495.492704,4,0,0,1001090,1
36502.716520,4,0,0,1000975,1
36507.857023,4,0,0,1001107,1
36510.288878,4,0,0,1001001,1
36510.919852,4,0,0,1001010,1
36513.556779,4,0,0,1001068,1
36513.582121,4,0,0,1001075,1
36513.971165,4,0,0,1001029,1
36522.435734,4,0,0,1001002,1
36525.912041,4,0,0,1001056,1
36533.347981,4,0,0,1000906,1
36539.770676,4,0,0,1000699,1
36543.357355,4,0,0,1000655,1
36549.568326,4,0,0,1000626,1
36563.331124,4,0,0,1000544,1
36577.502578,4,0,0,1000398,1
36578.906025,4,0,0,1000400,1
36590.330933,4,0,0,1000543,1
36593.374910,4,0,0,1000455,1
36594.491891,4,0,0,1000563,1
36597.015173,4,0,0,1000606,1
36601.206776,4,0,0,1000552,1
36611.714264,4,0,0,1000400,1
36622.884693,4,0,0,1000428,1
36626.806540,4,0,0,1000263,1
36634.673953,4,0,0,1000223,1
36638.273972,4,0,0,1000131,1
36638.751520,4,0,0,1000158,1
36641.486817,4,0,0,1000143,1
36647.228543,4,0,0,999916,1
36653.942782,4,0,0,999949,1
36659.357321,4,0,0,999909,1
36659.367393,4,0,0,999904,1
36664.848933,4,0,0,999948,1
36683.553484,4,0,0,1000348,1
36684.698447,4,0,0,1000383,1
36690.668808,4,0,0,1000290,1
36691.721646,4,0,0,1000328,1
36698.674287,4,0,0,1000398,1
36711.798755,4,0,0,1000473,1
36712.914636,4,0,0,1000467,1
36721.366085,4,0,0,1000304,1
36723.065898,4,0,0,1000381,1
36733.228923,4,0,0,1000436,1
36733.383272,4,0,0,1000433,1
36740.110831,4,0,0,1000601,1
36741.270137,4,0,0,1000503,1
36743.455105,4,0,0,1000480,1
36744.275495,4,0,0,1000531,1
36752.149593,4,0,0,1000364,1
36753.222520,4,0,0,1000420,1
36755.315454,4,0,0,1000419,1
36757.490699,4,0,0,1000418,1
36758.978823,4,0,0,1000498,1
36760.190568,4,0,0,1000527,1
36766.771578,4,0,0,1000550,1
36770.888536,4,0,0,1000428,1
36777.994551,4,0,0,1000356,1
36778.810668,4,0,0,1000420,1
36782.575393,4,0,0,1000421,1
36782.972426,4,0,0,1000404,1
36783.467620,4,0,0,1000414,1
36786.171116,4,0,0,1000499,1
36790.459257,4,0,0,1000487,1
36796.487055,4,0,0,1000284,1
36800.502245,4,0,0,1000250,1
36800.885511,4,0,0,1000196,1
36803.146653,4,0,0,1000200,1
36809.547712,4,0,0,1000238,1
36823.920299,4,0,0,1000185,1
36835.188299,4,0,0,1000442,1
36838.421814,4,0,0,1000440,1
36851.526158,4,0,0,1000483,1
36852.910103,4,0,0,1000457,1
36857.496545,4,0,0,1000410,1
36864.374632,4,0,0,1000242,1
36864.382664,4,0,0,1000244,1
36864.792256,4,0,0,1000215,1
36866.644017,4,0,0,1000159,1
36867.809345,4,0,0,1000210,1
36868.727478,4,0,0,1000176,1
36872.563934,4,0,0,1000203,1
36877.442499,4,0,0,1000179,1
36880.614705,4,0,0,1000154,1
36886.362668,4,0,0,1000110,1
36888.193281,4,0,0,1000149,1
36890.371338,4,0,0,1000072,1
36891.053501,4,0,0,1000134,1
36892.222455,4,0,0,1000111,1
36895.411279,4,0,0,1000154,1
36903.781208,4,0,0,1000434,1
36906.848067,4,0,0,1000386,1
36917.111166,4,0,0,1000625,1
36930.323560,4,0,0,1000676,1
36937.379007,4,0,0,1000443,1
36944.595152,4,0,0,1000458,1
36944.665667,4,0,0,1000455,1
36950.308162,4,0,0,1000624,1
36950.475095,4,0,0,1000617,1
36957.195705,4,0,0,1000790,1
36959.840305,4,0,0,1000752,1
36960.257823,4,0,0,1000740,1
36972.999149,4,0,0,1000414,1
36973.978195,4,0,0,1000436,1
36989.410641,4,0,0,1000198,1
36996.737407,4,0,0,1000171,1
37008.974112,4,0,0,1000171,1
37013.675324,4,0,0,1000270,1
37015.747571,4,0,0,1000293,1
37021.488575,4,0,0,1000279,1
37024.438247,4,0,0,1000387,1
37030.779621,4,0,0,1000278,1
37045.471982,4,0,0,1000429,1
37045.751212,4,0,0,1000425,1
37046.616344,4,0,0,1000373,1
37049.306277,4,0,0,1000338,1
37049.439315,4,0,0,1000354,1
37051.569602,4,0,0,1000429,1
37054.199662,4,0,0,1000395,1
37055.116470,4,0,0,1000405,1
37055.321509,4,0,0,1000432,1
37060.140325,4,0,0,1000319,1
37061.433368,4,0,0,1000340,1
37067.188364,4,0,0,1000224,1
37069.765909,4,0,0,1000335,1
37080.680592,4,0,0,1000126,1
37082.371079,4,0,0,1000079,1
37086.090968,4,0,0,1000003,1
37087.694491,4,0,0,1000005,1
37101.880020,4,0,0,1000284,1
37103.435473,4,0,0,1000285,1
37108.826110,4,0,0,1000228,1
37110.917463,4,0,0,1000201,1
37116.416373,4,0,0,999952,1
37121.039894,4,0,0,999826,1
37128.127545,4,0,0,999767,1
37132.831878,4,0,0,999787,1
37135.742855,4,0,0,999846,1
37138.605490,4,0,0,999939,1
37139.418228,4,0,0,999844,1
37140.016026,4,0,0,999806,1
37140.819630,4,0,0,999783,1
37153.499130,4,0,0,1000061,1
37158.805176,4,0,0,1000115,1
37170.049726,4,0,0,999837,1
37174.608508,4,0,0,1000013,1
37175.752306,4,0,0,1000005,1
37175.812474,4,0,0,1000014,1
37179.459042,4,0,0,999899,1
37196.723191,4,0,0,999865,1
37204.268005,4,0,0,999894,1
37204.609374,4,0,0,999907,1
37206.772014,4,0,0,999916,1
37207.456374,4,0,0,999854,1
37208.963430,4,0,0,999859,1
37214.374498,4,0,0,999781,1
37216.257827,4,0,0,999816,1
37219.662251,4,0,0,999853,1
37221.294309,4,0,0,999837,1
37223.813821,4,0,0,999770,1
37226.082097,4,0,0,999807,1
37230.267815,4,0,0,999855,1
37230.660899,4,0,0,999861,1
37254.815033,4,0,0,1000204,1
37255.512319,4,0,0,1000182,1
37255.776740,4,0,0,1000189,1
37267.288347,4,0,0,1000295,1
37269.460060,4,0,0,1000229,1
37269.481491,4,0,0,1000235,1
37270.862157,4,0,0,1000231,1
37278.758904,4,0,0,1000509,1
37285.250031,4,0,0,1000589,1
37290.202316,4,0,0,1000667,1
37298.551336,4,0,0,1000643,1
37301.611604,4,0,0,1000549,1
37313.619431,4,0,0,1000570,1
37315.121480,4,0,0,1000519,1
37318.402757,4,0,0,1000554,1
37326.855306,4,0,0,1000637,1
37330.607272,4,0,0,1000737,1
37331.918087,4,0,0,1000792,1
37333.858498,4,0,0,1000883,1
37343.274669,4,0,0,1000888,1
37346.873470,4,0,0,1000963,1
37348.901614,4,0,0,1000851,1
37353.577511,4,0,0,1000763,1
37354.343185,4,0,0,1000835,1
37360.807534,4,0,0,1000955,1
37362.969831,4,0,0,1000966,1
37366.445745,4,0,0,1000989,1
37368.480446,4,0,0,1000943,1
37377.786710,4,0,0,1001034,1
37378.715147,4,0,0,1000998,1
37388.435306,4,0,0,1001253,1
37393.618065,4,0,0,1001409,1
37394.575841,4,0,0,1001369,1
37395.389954,4,0,0,1001373,1
37396.827503,4,0,0,1001323,1
37399.630431,4,0,0,1001310,1
37413.424425,4,0,0,1001300,1
37420.763044,4,0,0,1001324,1
37422.387023,4,0,0,1001265,1
37425.473484,4,0,0,1001113,1
37425.681010,4,0,0,1001161,1
37432.833181,4,0,0,1000908,1
37438.829345,4,0,0,1000794,1
37443.742435,4,0,0,1000591,1
37448.158615,4,0,0,1000749,1
37448.528732,4,0,0,1000761,1
37452.076900,4,0,0,1000697,1
37456.466425,4,0,0,1000717,1
37461.083715,4,0,0,1000694,1
37471.978926,4,0,0,1000685,1
37473.894883,4,0,0,1000656,1
37475.233657,4,0,0,1000738,1
37477.988097,4,0,0,1000663,1
37482.578095,4,0,0,1000822,1
37491.698105,4,0,0,1000878,1
37498.197827,4,0,0,1000913,1
37501.682530,4,0,0,1000936,1
37504.042396,4,0,0,1000798,1
37510.601340,4,0,0,1000767,1
37512.814597,4,0,0,1000727,1
37515.454011,4,0,0,1000931,1
37515.542591,4,0,0,1000939,1
37518.930616,4,0,0,1001054,1
37520.026895,4,0,0,1001002,1
37536.239283,4,0,0,1001228,1
37536.703113,4,0,0,1001264,1
37536.906311,4,0,0,1001273,1
37540.385923,4,0,0,1001197,1
37559.992635,4,0,0,1001631,1
37561.522859,4,0,0,1001536,1
37562.205446,4,0,0,1001579,1
37562.659081,4,0,0,1001518,1
37562.675765,4,0,0,1001518,1
37567.247186,4,0,0,1001421,1
37569.330192,4,0,0,1001551,1
37577.527129,4,0,0,1001602,1
37578.725184,4,0,0,1001717,1
37582.520853,4,0,0,1001533,1
37582.788214,4,0,0,1001537,1
37584.652117,4,0,0,1001529,1
37596.033011,4,0,0,1001452,1
37600.453984,4,0,0,1001563,1
37603.432567,4,0,0,1001355,1
37616.223473,4,0,0,1001311,1
37618.278255,4,0,0,1001279,1
37618.637797,4,0,0,1001318,1
37621.541266,4,0,0,1001343,1
37625.793073,4,0,0,1001320,1
37633.474135,4,0,0,1001334,1
37635.670502,4,0,0,1001333,1
37639.176043,4,0,0,1001287,1
37649.664897,4,0,0,1001459,1
37654.455035,4,0,0,1001395,1
37655.983025,4,0,0,1001412,1
37668.806675,4,0,0,1001365,1
37672.837806,4,0,0,1001357,1
37681.536716,4,0,0,1001410,1
37689.387998,4,0,0,1001527,1
37694.711592,4,0,0,1001539,1
37696.409207,4,0,0,1001505,1
37701.470275,4,0,0,1001441,1
37702.056288,4,0,0,1001410,1
37707.353246,4,0,0,1001498,1
37710.913377,4,0,0,1001413,1
37712.777618,4,0,0,1001442,1
37715.568899,4,0,0,1001392,1
37717.172901,4,0,0,1001413,1
37720.206821,4,0,0,1001445,1
37722.860785,4,0,0,1001582,1
37726.099918,4,0,0,1001712,1
37726.230331,4,0,0,1001703,1
37726.779522,4,0,0,1001595,1
37735.973911,4,0,0,1001612,1
37736.898057,4,0,0,1001539,1
37738.676372,4,0,0,1001573,1
37744.362245,4,0,0,1001492,1
37746.685636,4,0,0,1001445,1
37749.158471,4,0,0,1001419,1
37749.343445,4,0,0,1001410,1
37752.068978,4,0,0,1001433,1
37756.111255,4,0,0,1001350,1
37758.895604,4,0,0,1001394,1
37761.192948,4,0,0,1001468,1
37762.100673,4,0,0,1001378,1
37764.441645,4,0,0,1001243,1
37764.690962,4,0,0,1001199,1
37766.282344,4,0,0,1001238,1
37766.322508,4,0,0,1001258,1
37767.173881,4,0,0,1001347,1
37767.496425,4,0,0,1001347,1
37780.102988,4,0,0,1001541,1
37783.692248,4,0,0,1001593,1
37784.937115,4,0,0,1001580,1
37789.505119,4,0,0,1001479,1
37790.959800,4,0,0,1001460,1
37795.960581,4,0,0,1001492,1
37799.418577,4,0,0,1001537,1
37801.829335,4,0,0,1001519,1
37813.064753,4,0,0,1001579,1
37818.587168,4,0,0,1001582,1
37832.610060,4,0,0,1001701,1
37834.133348,4,0,0,1001714,1
37836.447802,4,0,0,1001625,1
37841.746332,4,0,0,1001758,1
37846.405536,4,0,0,1001789,1
37847.921790,4,0,0,1001719,1
37848.399277,4,0,0,1001744,1
37856.828440,4,0,0,1001814,1
37858.808165,4,0,0,1001734,1
37858.813775,4,0,0,1001739,1
37864.449292,4,0,0,1001793,1
37866.369463,4,0,0,1001795,1
37872.660665,4,0,0,1001652,1
37873.272403,4,0,0,1001617,1
37874.694038,4,0,0,1001545,1
37886.345620,4,0,0,1001426,1
37890.877902,4,0,0,1001409,1
37893.363446,4,0,0,1001356,1
37902.658843,4,0,0,1001480,1
37908.002169,4,0,0,1001548,1
37908.946292,4,0,0,1001505,1
37910.456105,4,0,0,1001438,1
37920.611989,4,0,0,1001249,1
37933.801351,4,0,0,1001180,1
37939.593465,4,0,0,1001255,1
37943.223571,4,0,0,1001226,1
37954.773087,4,0,0,1001459,1
37959.934630,4,0,0,1001506,1
37973.344607,4,0,0,1001449,1
37979.184707,4,0,0,1001330,1
37980.353913,4,0,0,1001362,1
37990.346733,4,0,0,1001204,1
37994.007830,4,0,0,1001255,1
37996.006565,4,0,0,1001123,1
37997.272500,4,0,0,1001141,1
37998.783381,4,0,0,1001160,1
38002.531225,4,0,0,1001185,1
38002.758536,4,0,0,1001155,1
38004.924955,4,0,0,1001127,1
38006.333214,4,0,0,1001159,1
38006.822159,4,0,0,1001173,1
38010.161152,4,0,0,1001314,1
38012.262948,4,0,0,1001275,1
38022.325918,4,0,0,1001187,1
38025.901651,4,0,0,1001123,1
38026.655112,4,0,0,1001129,1
38027.040458,4,0,0,1001062,1
38031.059583,4,0,0,1001115,1
38038.284399,4,0,0,1001102,1
38040.807626,4,0,0,1001041,1
38044.465036,4,0,0,1001211,1
38052.313118,4,0,0,1001231,1
38057.354101,4,0,0,1001258,1
38061.822191,4,0,0,1000999,1
38072.533117,4,0,0,1001085,1
38073.392858,4,0,0,1001105,1
38074.299442,4,0,0,1001138,1
38088.146333,4,0,0,1001252,1
38096.016643,4,0,0,1001237,1
38113.998594,4,0,0,1001467,1
38117.565408,4,0,0,1001561,1
38120.210423,4,0,0,1001538,1
38134.885840,4,0,0,1001411,1
38139.521727,4,0,0,1001415,1
38142.098459,4,0,0,1001445,1
38144.822078,4,0,0,1001545,1
38147.936753,4,0,0,1001580,1
38148.234147,4,0,0,1001549,1
38149.048917,4,0,0,1001556,1
38153.863260,4,0,0,1001448,1
38159.456528,4,0,0,1001488,1
38169.753187,4,0,0,1001534,1
38173.836920,4,0,0,1001594,1
38174.597316,4,0,0,1001546,1
38180.173113,4,0,0,1001344,1
38181.014147,4,0,0,1001398,1
38184.642157,4,0,0,1001391,1
38185.718770,4,0,0,1001350,1
38187.264688,4,0,0,1001359,1
38197.039608,4,0,0,1001167,1
38200.903931,4,0,0,1001158,1
38207.494151,4,0,0,1001243,1
38208.282820,4,0,0,1001234,1
38211.105083,4,0,0,1001189,1
38213.486919,4,0,0,1001216,1
38231.458307,4,0,0,1001272,1
38237.921938,4,0,0,1001253,1
38246.199282,4,0,0,1001299,1
38251.653780,4,0,0,1001153,1
38251.985837,4,0,0,1001172,1
38259.295877,4,0,0,1001152,1
38265.476235,4,0,0,1001177,1
38271.214341,4,0,0,1001298,1
38273.882067,4,0,0,1001286,1
38275.402428,4,0,0,1001317,1
38278.661708,4,0,0,1001162,1
38281.151884,4,0,0,1001192,1
38281.687225,4,0,0,1001249,1
38288.766236,4,0,0,1001218,1
38293.950156,4,0,0,1001295,1
38294.729908,4,0,0,1001290,1
38299.268114,4,0,0,1001080,1
38313.571359,4,0,0,1001197,1
38317.205626,4,0,0,1001392,1
38317.425020,4,0,0,1001375,1
38333.738258,4,0,0,1001377,1
38338.743344,4,0,0,1001422,1
38341.872713,4,0,0,1001275,1
38356.526126,4,0,0,1001362,1
38359.347293,4,0,0,1001355,1
38360.498358,4,0,0,1001466,1
38360.515607,4,0,0,1001466,1
38368.091507,4,0,0,1001427,1
38368.858865,4,0,0,1001346,1
38376.479708,4,0,0,1001247,1
38376.885073,4,0,0,1001234,1
38381.681619,4,0,0,1001195,1
38381.794984,4,0,0,1001216,1
38387.893499,4,0,0,1001228,1
38387.960993,4,0,0,1001217,1
38398.813872,4,0,0,1001232,1
38403.053211,4,0,0,1001222,1
38410.577834,4,0,0,1000935,1
38422.893434,4,0,0,1001125,1
38427.021870,4,0,0,1001146,1
38430.845170,4,0,0,1001159,1
38443.444130,4,0,0,1001155,1
38449.065179,4,0,0,1001146,1
38456.581426,4,0,0,1001102,1
38459.956499,4,0,0,1000954,1
38484.609618,4,0,0,1001017,1
38488.561840,4,0,0,1000975,1
38489.288446,4,0,0,1000953,1
38489.487589,4,0,0,1000932,1
38498.295566,4,0,0,1000918,1
38498.757672,4,0,0,1000932,1
38502.982353,4,0,0,1000979,1
38506.286179,4,0,0,1000973,1
38514.341044,4,0,0,1000938,1
38516.546593,4,0,0,1000827,1
38517.411021,4,0,0,1000843,1
38518.351428,4,0,0,1000870,1
38518.948826,4,0,0,1000862,1
38522.450334,4,0,0,1000820,1
38522.803230,4,0,0,1000817,1
38525.411860,4,0,0,1000735,1
38526.665423,4,0,0,1000771,1
38527.398814,4,0,0,1000695,1
38533.673281,4,0,0,1000645,1
38541.331388,4,0,0,1000723,1
38547.789025,4,0,0,1000748,1
38550.188555,4,0,0,1000741,1
38553.258351,4,0,0,1000683,1
38559.326129,4,0,0,1000416,1
38564.251277,4,0,0,1000490,1
38567.904899,4,0,0,1000388,1
38569.214122,4,0,0,1000413,1
38570.598079,4,0,0,1000332,1
38574.417664,4,0,0,1000454,1
38581.843251,4,0,0,1000363,1
38584.106453,4,0,0,1000258,1
38588.061743,4,0,0,1000257,1
38609.726982,4,0,0,1000050,1
38611.832217,4,0,0,1000095,1
38619.371454,4,0,0,1000076,1
38623.585681,4,0,0,1000091,1
38625.933193,4,0,0,1000027,1
38629.343845,4,0,0,999865,1
38629.678807,4,0,0,999813,1
38633.893520,4,0,0,999787,1
38642.435313,4,0,0,999610,1
38642.775105,4,0,0,999612,1
38647.752496,4,0,0,999581,1
38648.002509,4,0,0,999600,1
38648.576069,4,0,0,999591,1
38653.281575,4,0,0,999570,1
38656.938458,4,0,0,999608,1
38657.942266,4,0,0,999635,1
38659.958720,4,0,0,999484,1
38660.535679,4,0,0,999427,1
38666.150484,4,0,0,999436,1
38671.601248,4,0,0,999535,1
38687.246304,4,0,0,999733,1
38692.817518,4,0,0,999623,1
38704.764650,4,0,0,999443,1
38712.523783,4,0,0,999641,1
38716.697553,4,0,0,999802,1
38720.424982,4,0,0,999840,1
38720.922701,4,0,0,999771,1
38721.828124,4,0,0,999724,1
38726.251164,4,0,0,999569,1
38728.529609,4,0,0,999483,1
38729.129558,4,0,0,999558,1
38737.049829,4,0,0,999352,1
38739.267430,4,0,0,999393,1
38739.620269,4,0,0,999447,1
38740.152434,4,0,0,999483,1
38740.443254,4,0,0,999460,1
38741.613828,4,0,0,999510,1
38745.469515,4,0,0,999613,1
38748.814139,4,0,0,999644,1
38749.881808,4,0,0,999633,1
38750.529585,4,0,0,999627,1
38753.594498,4,0,0,999709,1
38758.232366,4,0,0,999834,1
38761.442169,4,0,0,999742,1
38764.832804,4,0,0,999664,1
38776.902550,4,0,0,999522,1
38785.614630,4,0,0,999745,1
38792.194655,4,0,0,999670,1
38794.606976,4,0,0,999772,1
38798.647687,4,0,0,999735,1
38804.846669,4,0,0,999819,1
38807.595150,4,0,0,999922,1
38807.826112,4,0,0,999907,1
38813.063968,4,0,0,999980,1
38822.801563,4,0,0,999726,1
38824.577976,4,0,0,999747,1
38832.051392,4,0,0,999753,1
38838.072510,4,0,0,999823,1
38843.006858,4,0,0,999807,1
38843.164584,4,0,0,999779,1
38843.234508,4,0,0,999781,1
38846.630982,4,0,0,999821,1
38850.285219,4,0,0,999699,1
38850.847751,4,0,0,999737,1
38867.930929,4,0,0,999276,1
38869.227403,4,0,0,999193,1
38876.079660,4,0,0,999163,1
38878.648794,4,0,0,999157,1
38881.521705,4,0,0,999146,1
38889.712415,4,0,0,998926,1
38907.025629,4,0,0,998855,1
38907.231984,4,0,0,998854,1
38913.696643,4,0,0,998886,1
38918.723670,4,0,0,998848,1
38922.417142,4,0,0,998746,1
38924.734960,4,0,0,998842,1
38928.034708,4,0,0,998874,1
38929.555137,4,0,0,998866,1
38942.477124,4,0,0,999187,1
38943.163986,4,0,0,999173,1
38943.956991,4,0,0,999095,1
38949.847854,4,0,0,999018,1
38952.840773,4,0,0,998929,1
38957.655993,4,0,0,998775,1
38962.189733,4,0,0,998797,1
38968.249213,4,0,0,998867,1
38968.984441,4,0,0,998795,1
38974.788806,4,0,0,998814,1
38976.703280,4,0,0,998842,1
38982.332008,4,0,0,998808,1
38984.395823,4,0,0,998830,1
38992.731853,4,0,0,998543,1
39001.686093,4,0,0,998821,1
39006.499822,4,0,0,998793,1
39007.984270,4,0,0,998865,1
39010.489675,4,0,0,998885,1
39012.642314,4,0,0,998852,1
39013.602744,4,0,0,998944,1
39013.931641,4,0,0,998920,1
39018.578348,4,0,0,998897,1
39021.445862,4,0,0,998763,1
39021.777935,4,0,0,998765,1
39026.529444,4,0,0,998658,1
39030.892423,4,0,0,998733,1
39034.441411,4,0,0,998805,1
39034.999588,4,0,0,998794,1
39038.002805,4,0,0,998840,1
39041.368190,4,0,0,998857,1
39041.975495,4,0,0,998859,1
39043.356508,4,0,0,998862,1
39071.522209,4,0,0,998832,1
39089.060693,4,0,0,998997,1
39099.807576,4,0,0,998851,1
39103.030252,4,0,0,998927,1
39109.323319,4,0,0,999021,1
39109.859518,4,0,0,999054,1
39112.521034,4,0,0,999120,1
39118.233624,4,0,0,998917,1
39119.999251,4,0,0,998846,1
39128.849309,4,0,0,998607,1
39136.422166,4,0,0,998662,1
39138.006033,4,0,0,998684,1
39138.221795,4,0,0,998684,1
39142.927347,4,0,0,998636,1
39144.202612,4,0,0,998638,1
39150.830047,4,0,0,998528,1
39154.766283,4,0,0,998391,1
39164.395077,4,0,0,998448,1
39164.766970,4,0,0,998418,1
39167.570142,4,0,0,998299,1
39176.869323,4,0,0,998305,1
39185.144297,4,0,0,998467,1
39193.716217,4,0,0,998606,1
39194.104560,4,0,0,998627,1
39197.218249,4,0,0,998709,1
39201.547943,4,0,0,998606,1
39205.254815,4,0,0,998525,1
39205.309894,4,0,0,998521,1
39212.327455,4,0,0,998379,1
39218.808903,4,0,0,998212,1
39222.066827,4,0,0,998128,1
39222.838620,4,0,0,998015,1
39223.738135,4,0,0,998023,1
39223.787087,4,0,0,998023,1
39227.605981,4,0,0,998005,1
39233.402973,4,0,0,997990,1
39238.717850,4,0,0,998035,1
39242.301576,4,0,0,998081,1
39244.907382,4,0,0,998085,1
39250.732775,4,0,0,998113,1
39254.558315,4,0,0,998161,1
39258.798062,4,0,0,998336,1
39259.273456,4,0,0,998353,1
39277.495861,4,0,0,998594,1
39277.592964,4,0,0,998552,1
39282.734130,4,0,0,998333,1
39288.697422,4,0,0,998192,1
39291.163786,4,0,0,998232,1
39297.099934,4,0,0,998112,1
39312.535173,4,0,0,998048,1
39318.889430,4,0,0,998153,1
39326.459879,4,0,0,998016,1
39327.625992,4,0,0,998037,1
39332.095957,4,0,0,998062,1
39333.262125,4,0,0,998007,1
39338.147763,4,0,0,997912,1
39347.177300,4,0,0,997962,1
39349.503214,4,0,0,997907,1
39350.671720,4,0,0,997945,1
39361.835413,4,0,0,997974,1
39363.330016,4,0,0,997955,1
39365.020770,4,0,0,997865,1
39385.119302,4,0,0,997569,1
39399.143739,4,0,0,997670,1
39408.009731,4,0,0,997660,1
39408.641100,4,0,0,997629,1
39415.951668,4,0,0,997702,1
39418.524888,4,0,0,997818,1
39421.154879,4,0,0,997688,1
39422.732758,4,0,0,997691,1
39424.355877,4,0,0,997703,1
39425.434740,4,0,0,997775,1
39427.336181,4,0,0,997886,1
39427.612759,4,0,0,997861,1
39430.044593,4,0,0,997909,1
39433.436300,4,0,0,997919,1
39458.421408,4,0,0,997888,1
39459.442407,4,0,0,997926,1
39465.074778,4,0,0,997953,1
39466.541112,4,0,0,997922,1
39468.327792,4,0,0,997967,1
39481.213684,4,0,0,997933,1
39485.087379,4,0,0,997811,1
39493.923512,4,0,0,997918,1
39510.103269,4,0,0,998072,1
39513.938503,4,0,0,997972,1
39523.036830,4,0,0,998036,1
39535.499292,4,0,0,997978,1
39538.123058,4,0,0,998041,1
39538.685179,4,0,0,998017,1
39541.829455,4,0,0,997995,1
39543.512137,4,0,0,998080,1
39553.023427,4,0,0,998099,1
39566.965347,4,0,0,998127,1
39567.190769,4,0,0,998134,1
39570.176281,4,0,0,998221,1
39571.334171,4,0,0,998288,1
39574.464088,4,0,0,998279,1
39574.858697,4,0,0,998250,1
39576.730668,4,0,0,998305,1
39577.287594,4,0,0,998303,1
39579.812559,4,0,0,998259,1
39580.081638,4,0,0,998255,1
39585.481197,4,0,0,998193,1
39597.416768,4,0,0,998330,1
39607.755381,4,0,0,998396,1
39611.065325,4,0,0,998363,1
39611.598163,4,0,0,998349,1
39619.652169,4,0,0,998282,1
39623.342303,4,0,0,998339,1
39624.349465,4,0,0,998298,1
39629.255622,4,0,0,998227,1
39636.860406,4,0,0,998098,1
39638.655200,4,0,0,998117,1
39644.861197,4,0,0,998118,1
39646.802778,4,0,0,998157,1
39653.861718,4,0,0,998165,1
39657.990959,4,0,0,998219,1
39667.020413,4,0,0,998023,1
39668.460195,4,0,0,997989,1
39675.366293,4,0,0,997957,1
39676.997901,4,0,0,997932,1
39680.081024,4,0,0,997865,1
39690.131386,4,0,0,997718,1
39695.637651,4,0,0,997803,1
39704.058882,4,0,0,997969,1
39708.558559,4,0,0,997862,1
39713.096412,4,0,0,997901,1
39726.117614,4,0,0,997773,1
39727.317661,4,0,0,997852,1
39735.728016,4,0,0,997966,1
39740.370823,4,0,0,998050,1
39749.966885,4,0,0,997923,1
39768.884968,4,0,0,997932,1
39770.468500,4,0,0,997934,1
39781.585845,4,0,0,997865,1
39782.639878,4,0,0,997848,1
39785.032647,4,0,0,997907,1
39801.676756,4,0,0,997751,1
39802.572654,4,0,0,997780,1
39804.322628,4,0,0,997634,1
39815.781425,4,0,0,997296,1
39818.081668,4,0,0,997390,1
39821.640924,4,0,0,997405,1
39823.093103,4,0,0,997485,1
39826.420972,4,0,0,997473,1
39829.916178,4,0,0,997259,1
39846.201825,4,0,0,997475,1
39848.947847,4,0,0,997520,1
39870.045561,4,0,0,997433,1
39872.660487,4,0,0,997429,1
39873.227577,4,0,0,997461,1
39877.878924,4,0,0,997371,1
39882.009052,4,0,0,997387,1
39889.805728,4,0,0,997627,1
39893.928297,4,0,0,997746,1
39902.221257,4,0,0,997642,1
39906.091013,4,0,0,997682,1
39914.922524,4,0,0,997604,1
39918.332854,4,0,0,997792,1
39921.888505,4,0,0,997840,1
39925.379504,4,0,0,997696,1
39932.848870,4,0,0,997649,1
39935.837231,4,0,0,997847,1
39936.859530,4,0,0,997871,1
39942.253685,4,0,0,998037,1
39953.255933,4,0,0,998091,1
39953.965273,4,0,0,998104,1
39955.336416,4,0,0,998119,1
39957.776280,4,0,0,998234,1
39958.534169,4,0,0,998228,1
39965.458555,4,0,0,998176,1
39972.177752,4,0,0,998249,1
39975.208339,4,0,0,998239,1
39987.866181,4,0,0,998290,1
39998.983017,4,0,0,998233,1
40007.133314,4,0,0,998490,1
40012.311614,4,0,0,998607,1
40027.517334,4,0,0,998875,1
40034.441749,4,0,0,998966,1
40043.802702,4,0,0,998925,1
40046.991586,4,0,0,998977,1
40060.362318,4,0,0,999033,1
40067.823273,4,0,0,999179,1
40071.181908,4,0,0,999023,1
40080.978203,4,0,0,999145,1
40081.706622,4,0,0,999123,1
40084.188375,4,0,0,999147,1
40088.162524,4,0,0,999359,1
40096.399451,4,0,0,999305,1
40104.791947,4,0,0,999395,1
40107.001365,4,0,0,999233,1
40110.878087,4,0,0,999326,1
40113.656511,4,0,0,999269,1
40115.107255,4,0,0,999291,1
40115.821479,4,0,0,999276,1
40119.482349,4,0,0,999374,1
40125.123545,4,0,0,999246,1
40131.086643,4,0,0,998990,1
40138.866954,4,0,0,998745,1
40145.237271,4,0,0,998706,1
40148.091920,4,0,0,998706,1
40148.864451,4,0,0,998731,1
40152.565525,4,0,0,998779,1
40155.036150,4,0,0,998758,1
40155.107881,4,0,0,998770,1
40166.805577,4,0,0,998697,1
40171.331820,4,0,0,998658,1
40180.033359,4,0,0,998986,1
40183.379342,4,0,0,998913,1
40183.954990,4,0,0,998905,1
40185.518927,4,0,0,999090,1
40190.737726,4,0,0,999308,1
40203.002101,4,0,0,999173,1
40207.661878,4,0,0,999221,1
40219.278238,4,0,0,999090,1
40229.720939,4,0,0,999311,1
40231.188858,4,0,0,999234,1
40232.143533,4,0,0,999214,1
40237.413677,4,0,0,999315,1
40244.316584,4,0,0,999084,1
40248.188728,4,0,0,999043,1
40255.844977,4,0,0,999023,1
40272.577903,4,0,0,999078,1
40273.470646,4,0,0,999098,1
40276.581100,4,0,0,999019,1
40277.103635,4,0,0,998996,1
40279.024742,4,0,0,998967,1
40279.451429,4,0,0,998987,1
40286.228183,4,0,0,999191,1
40290.408480,4,0,0,999187,1
40296.308581,4,0,0,999156,1
40299.805399,4,0,0,999319,1
40299.905786,4,0,0,999299,1
40301.020335,4,0,0,999387,1
40303.944260,4,0,0,999303,1
40304.845105,4,0,0,999309,1
40313.199734,4,0,0,999182,1
40313.260981,4,0,0,999174,1
40315.154908,4,0,0,999016,1
40318.511294,4,0,0,999379,1
40321.371231,4,0,0,999342,1
40322.687722,4,0,0,999318,1
40337.173298,4,0,0,999127,1
40342.031716,4,0,0,999199,1
40342.670300,4,0,0,999214,1
40357.896118,4,0,0,999302,1
40358.125021,4,0,0,999320,1
40363.654148,4,0,0,999373,1
40384.302603,4,0,0,999530,1
40389.802580,4,0,0,999715,1
40393.299453,4,0,0,999741,1
40394.227575,4,0,0,999646,1
40398.251876,4,0,0,999744,1
40404.633429,4,0,0,999926,1
40405.131459,4,0,0,999965,1
40412.799137,4,0,0,1000039,1
40417.341978,4,0,0,1000005,1
40417.676671,4,0,0,1000068,1
40425.321518,4,0,0,1000077,1
40429.784947,4,0,0,1000210,1
40437.942956,4,0,0,1000286,1
40439.009125,4,0,0,1000250,1
40440.848152,4,0,0,1000169,1
40452.513733,4,0,0,1000355,1
40465.755172,4,0,0,1000284,1
40482.780386,4,0,0,1000115,1
40482.890975,4,0,0,1000106,1
40485.563084,4,0,0,1000063,1
40501.046617,4,0,0,1000169,1
40506.190777,4,0,0,1000111,1
40509.215460,4,0,0,1000052,1
40509.957922,4,0,0,1000104,1
40513.326367,4,0,0,1000129,1
40520.476090,4,0,0,1000317,1
40524.648710,4,0,0,1000303,1
40527.087736,4,0,0,1000187,1
40569.665152,4,0,0,1000199,1
40570.330337,4,0,0,1000126,1
40580.036743,4,0,0,1000095,1
40580.967383,4,0,0,1000122,1
40582.445869,4,0,0,1000078,1
40592.643565,4,0,0,1000148,1
40594.321409,4,0,0,999942,1
40595.448523,4,0,0,999935,1
40596.725054,4,0,0,999991,1
40612.383221,4,0,0,999812,1
40626.111391,4,0,0,999811,1
40632.451812,4,0,0,999973,1
40636.300071,4,0,0,999979,1
40656.463229,4,0,0,999920,1
40661.536366,4,0,0,999991,1
40664.690525,4,0,0,999961,1
40674.303418,4,0,0,999815,1
40678.775204,4,0,0,999768,1
40682.222211,4,0,0,999746,1
40687.342756,4,0,0,999783,1
40688.773723,4,0,0,999774,1
40689.192122,4,0,0,999759,1
40695.175693,4,0,0,999839,1
40698.692180,4,0,0,999862,1
40701.583719,4,0,0,999913,1
40711.059967,4,0,0,1000066,1
40719.830188,4,0,0,999949,1
40721.471185,4,0,0,1000016,1
40724.306854,4,0,0,1000041,1
40729.927224,4,0,0,999986,1
40733.814936,4,0,0,999904,1
40740.221923,4,0,0,999767,1
40740.539119,4,0,0,999753,1
40746.902965,4,0,0,999699,1
40748.338629,4,0,0,999742,1
40748.993378,4,0,0,999711,1
40751.042660,4,0,0,999902,1
40756.075647,4,0,0,1000023,1
40759.886364,4,0,0,1000053,1
40759.971414,4,0,0,1000042,1
40762.177175,4,0,0,1000001,1
40763.009585,4,0,0,999982,1
40767.790928,4,0,0,999962,1
40769.135392,4,0,0,999834,1
40770.474665,4,0,0,999819,1
40775.342813,4,0,0,999883,1
40777.560763,4,0,0,999821,1
40783.309648,4,0,0,999710,1
40785.981099,4,0,0,999771,1
40788.608395,4,0,0,999723,1
40790.854614,4,0,0,999823,1
40794.432512,4,0,0,999954,1
40812.087319,4,0,0,999759,1
40814.342558,4,0,0,999789,1
40814.605124,4,0,0,999749,1
40815.481877,4,0,0,999756,1
40817.824420,4,0,0,999914,1
40827.366074,4,0,0,999656,1
40829.755362,4,0,0,999703,1
40838.096718,4,0,0,999657,1
40839.592395,4,0,0,999654,1
40845.770955,4,0,0,999737,1
40846.686746,4,0,0,999700,1
40855.724299,4,0,0,999552,1
40860.700976,4,0,0,999551,1
40864.140244,4,0,0,999601,1
40887.769936,4,0,0,999691,1
40892.864093,4,0,0,999783,1
40912.227746,4,0,0,999800,1
40916.960004,4,0,0,999954,1
40930.651114,4,0,0,999818,1
40936.258400,4,0,0,999682,1
40940.019351,4,0,0,999561,1
40942.243440,4,0,0,999734,1
40944.672413,4,0,0,999660,1
40947.375956,4,0,0,999590,1
40948.185743,4,0,0,999631,1
40951.841490,4,0,0,999511,1
40981.123026,4,0,0,999336,1
40986.398263,4,0,0,999441,1
40986.580550,4,0,0,999408,1
40987.990248,4,0,0,999472,1
40997.171537,4,0,0,999513,1
41001.303994,4,0,0,999547,1
41001.848360,4,0,0,999536,1
41005.292662,4,0,0,999629,1
41006.462239,4,0,0,999701,1
41019.932704,4,0,0,999242,1
41025.326612,4,0,0,999362,1
41028.735100,4,0,0,999392,1
41034.963599,4,0,0,999575,1
41038.374742,4,0,0,999718,1
41040.587406,4,0,0,999605,1
41045.781247,4,0,0,999727,1
41047.357327,4,0,0,999683,1
41052.408745,4,0,0,999534,1
41060.114123,4,0,0,999449,1
41067.802708,4,0,0,999435,1
41069.055250,4,0,0,999407,1
41072.096691,4,0,0,999509,1
41084.259701,4,0,0,999530,1
41084.995308,4,0,0,999528,1
41085.960681,4,0,0,999553,1
41086.735339,4,0,0,999546,1
41086.842406,4,0,0,999545,1
41088.560026,4,0,0,999487,1
41091.358527,4,0,0,999406,1
41107.799597,4,0,0,999220,1
41109.280684,4,0,0,999215,1
41119.940800,4,0,0,999129,1
41123.204714,4,0,0,999086,1
41124.492905,4,0,0,999111,1
41126.675353,4,0,0,999048,1
41132.736092,4,0,0,999101,1
41134.907160,4,0,0,998965,1
41137.579639,4,0,0,998821,1
41140.185797,4,0,0,998769,1
41145.063908,4,0,0,998583,1
41156.287912,4,0,0,998737,1
41156.307407,4,0,0,998730,1
41160.188809,4,0,0,998721,1
41169.981454,4,0,0,998814,1
41170.667128,4,0,0,998775,1
41170.836850,4,0,0,998728,1
41186.029934,4,0,0,998693,1
41193.604990,4,0,0,998876,1
41200.335495,4,0,0,999074,1
41200.699507,4,0,0,999083,1
41204.722968,4,0,0,998925,1
41208.816585,4,0,0,998912,1
41209.981822,4,0,0,998869,1
41218.925515,4,0,0,998851,1
41223.445812,4,0,0,999004,1
41229.779183,4,0,0,998967,1
41244.438577,4,0,0,998814,1
41248.877125,4,0,0,998873,1
41255.838733,4,0,0,998648,1
41257.099201,4,0,0,998614,1
41258.077453,4,0,0,998559,1
41258.744765,4,0,0,998607,1
41262.402013,4,0,0,998683,1
41263.134674,4,0,0,998654,1
41264.391134,4,0,0,998658,1
41268.533687,4,0,0,998532,1
41275.298275,4,0,0,998656,1
41289.910056,4,0,0,998555,1
41299.868718,4,0,0,998852,1
41306.905079,4,0,0,999015,1
41311.983602,4,0,0,998956,1
41317.385400,4,0,0,998956,1
41321.625404,4,0,0,998940,1
41321.630625,4,0,0,998939,1
41328.983244,4,0,0,998865,1
41331.165785,4,0,0,998861,1
41338.764219,4,0,0,998707,1
41359.935511,4,0,0,998556,1
41361.883838,4,0,0,998645,1
41374.725489,4,0,0,998577,1
41381.779592,4,0,0,998752,1
41383.310940,4,0,0,998713,1
41385.097376,4,0,0,998678,1
41394.242742,4,0,0,998944,1
41394.982329,4,0,0,998955,1
41402.736237,4,0,0,998571,1
41403.980419,4,0,0,998546,1
41405.500166,4,0,0,998619,1
41411.251248,4,0,0,998686,1
41421.920940,4,0,0,998703,1
41428.627361,4,0,0,998726,1
41439.677327,4,0,0,998865,1
41450.731767,4,0,0,998749,1
41454.357323,4,0,0,998674,1
41458.734059,4,0,0,998621,1
41460.456167,4,0,0,998634,1
41463.221157,4,0,0,998672,1
41463.960357,4,0,0,998677,1
41468.547373,4,0,0,998677,1
41488.329561,4,0,0,998374,1
41489.116049,4,0,0,998359,1
41494.586416,4,0,0,998436,1
41498.983722,4,0,0,998328,1
41504.083967,4,0,0,998415,1
41512.599273,4,0,0,998304,1
41519.078431,4,0,0,998415,1
41520.628094,4,0,0,998356,1
41523.489376,4,0,0,998353,1
41527.626864,4,0,0,998350,1
41528.980766,4,0,0,998301,1
41532.554468,4,0,0,998352,1
41535.460359,4,0,0,998443,1
41541.823987,4,0,0,998448,1
41542.112452,4,0,0,998434,1
41543.260190,4,0,0,998470,1
41543.516636,4,0,0,998435,1
41544.295949,4,0,0,998475,1
41549.453370,4,0,0,998457,1
41550.923948,4,0,0,998424,1
41553.524191,4,0,0,998406,1
41568.812012,4,0,0,998350,1
41570.920870,4,0,0,998383,1
41572.830864,4,0,0,998518,1
41577.993354,4,0,0,998426,1
41579.253079,4,0,0,998400,1
41594.569358,4,0,0,998099,1
41598.669741,4,0,0,997902,1
41608.277110,4,0,0,997872,1
41613.483403,4,0,0,997842,1
41613.622094,4,0,0,997819,1
41624.679380,4,0,0,997818,1
41624.777625,4,0,0,997817,1
41630.648320,4,0,0,997834,1
41634.373049,4,0,0,997851,1
41638.992909,4,0,0,997792,1
41645.002003,4,0,0,998021,1
41647.241273,4,0,0,998034,1
41647.678209,4,0,0,997969,1
41652.731699,4,0,0,997876,1
41662.349952,4,0,0,998299,1
41667.686112,4,0,0,998159,1
41670.340296,4,0,0,998059,1
41673.902215,4,0,0,998120,1
41678.435478,4,0,0,998188,1
41681.925408,4,0,0,998233,1
41681.997301,4,0,0,998233,1
41682.888851,4,0,0,998371,1
41683.260077,4,0,0,998321,1
41684.890458,4,0,0,998279,1
41686.727916,4,0,0,998296,1
41688.029036,4,0,0,998277,1
41699.123200,4,0,0,998221,1
41705.681510,4,0,0,998174,1
41705.729919,4,0,0,998183,1
41706.772308,4,0,0,998220,1
41720.957353,4,0,0,998132,1
41724.748179,4,0,0,998264,1
41728.209042,4,0,0,998359,1
41731.751854,4,0,0,998455,1
41748.620981,4,0,0,998345,1
41761.620253,4,0,0,998212,1
41767.028339,4,0,0,998129,1
41770.761114,4,0,0,998245,1
41778.007616,4,0,0,998137,1
41779.461015,4,0,0,998131,1
41785.508189,4,0,0,998104,1
41788.261787,4,0,0,998166,1
41788.739589,4,0,0,998092,1
41790.330172,4,0,0,998114,1
41796.921765,4,0,0,998031,1
41799.036351,4,0,0,998078,1
41805.201721,4,0,0,998162,1
41809.116973,4,0,0,998277,1
41830.506396,4,0,0,998145,1
41832.955762,4,0,0,998099,1
41838.507067,4,0,0,998098,1
41840.926371,4,0,0,997987,1
41841.367644,4,0,0,997996,1
41850.366508,4,0,0,997820,1
41850.414941,4,0,0,997823,1
41857.114666,4,0,0,998032,1
41864.080778,4,0,0,997862,1
41866.005950,4,0,0,997923,1
41867.254089,4,0,0,997949,1
41872.046045,4,0,0,997933,1
41874.576883,4,0,0,997988,1
41883.304000,4,0,0,997883,1
41889.673674,4,0,0,997933,1
41893.227855,4,0,0,997956,1
41895.158477,4,0,0,998055,1
41905.115029,4,0,0,998122,1
41907.910020,4,0,0,998149,1
41912.440241,4,0,0,998128,1
41914.765288,4,0,0,998071,1
41921.530355,4,0,0,998078,1
41928.677268,4,0,0,998233,1
41933.206824,4,0,0,998364,1
41935.997061,4,0,0,998248,1
41944.818894,4,0,0,998143,1
41952.486479,4,0,0,998213,1
41953.743675,4,0,0,998298,1
41965.468550,4,0,0,998531,1
41974.151852,4,0,0,998267,1
41982.669829,4,0,0,998075,1
41987.637942,4,0,0,998290,1
41994.421328,4,0,0,998537,1
42001.062322,4,0,0,998659,1
42001.712764,4,0,0,998667,1
42003.926437,4,0,0,998711,1
42012.049497,4,0,0,998508,1
42020.487175,4,0,0,998588,1
42024.007631,4,0,0,998581,1
42025.627354,4,0,0,998588,1
42036.139787,4,0,0,998425,1
42036.741454,4,0,0,998403,1
42037.036991,4,0,0,998412,1
42043.874888,4,0,0,998526,1
42049.275801,4,0,0,998741,1
42054.328076,4,0,0,998960,1
42064.172924,4,0,0,999036,1
42066.922884,4,0,0,998924,1
42071.373828,4,0,0,998963,1
42080.122394,4,0,0,998980,1
42086.073344,4,0,0,998998,1
42106.514987,4,0,0,999328,1
42114.091332,4,0,0,999293,1
42115.458506,4,0,0,999283,1
42116.480291,4,0,0,999377,1
42131.724371,4,0,0,999095,1
42140.760140,4,0,0,999069,1
42154.197023,4,0,0,998924,1
42155.495373,4,0,0,998935,1
42161.311032,4,0,0,998886,1
42161.786352,4,0,0,998898,1
42175.916735,4,0,0,998881,1
42179.463461,4,0,0,999061,1
42181.913768,4,0,0,999043,1
42189.157990,4,0,0,999090,1
42201.499133,4,0,0,999224,1
42206.951656,4,0,0,999120,1
42207.644728,4,0,0,999082,1
42207.802506,4,0,0,999072,1
42223.592693,4,0,0,998770,1
42229.279644,4,0,0,998533,1
42232.461033,4,0,0,998411,1
42234.110369,4,0,0,998484,1
42236.603694,4,0,0,998550,1
42238.269638,4,0,0,998491,1
42244.580629,4,0,0,998582,1
42246.366420,4,0,0,998509,1
42247.400215,4,0,0,998502,1
42248.576108,4,0,0,998409,1
42251.205990,4,0,0,998432,1
42263.620628,4,0,0,998791,1
42268.594819,4,0,0,998706,1
42270.423461,4,0,0,998702,1
42272.697456,4,0,0,998690,1
42282.215727,4,0,0,998512,1
42284.752995,4,0,0,998442,1
42286.416973,4,0,0,998393,1
42291.964167,4,0,0,998267,1
42294.314247,4,0,0,998158,1
42301.336954,4,0,0,998266,1
42302.598184,4,0,0,998285,1
42306.707367,4,0,0,998205,1
42315.198672,4,0,0,998446,1
42323.734880,4,0,0,998595,1
42324.093629,4,0,0,998519,1
42324.099869,4,0,0,998513,1
42324.281673,4,0,0,998539,1
42332.502134,4,0,0,998449,1
42336.619046,4,0,0,998470,1
42338.245893,4,0,0,998503,1
42342.691773,4,0,0,998547,1
42344.760676,4,0,0,998600,1
42365.499178,4,0,0,998554,1
42367.918083,4,0,0,998590,1
42371.699734,4,0,0,998500,1
42378.956888,4,0,0,998422,1
42380.278569,4,0,0,998452,1
42384.373266,4,0,0,998477,1
42386.488885,4,0,0,998570,1
42389.629706,4,0,0,998640,1
42394.725992,4,0,0,998726,1
42398.788148,4,0,0,998848,1
42401.348987,4,0,0,998702,1
42403.068382,4,0,0,998688,1
42405.117338,4,0,0,998746,1
42407.213471,4,0,0,998790,1
42408.403687,4,0,0,998734,1
42413.765815,4,0,0,998779,1
42416.422349,4,0,0,998720,1
42418.497378,4,0,0,998755,1
42421.053869,4,0,0,998906,1
42423.731635,4,0,0,998797,1
42425.352131,4,0,0,998809,1
42427.728599,4,0,0,998779,1
42432.242765,4,0,0,998775,1
42442.870232,4,0,0,998623,1
42444.505687,4,0,0,998703,1
42445.525592,4,0,0,998674,1
42446.349007,4,0,0,998733,1
42446.504960,4,0,0,998735,1
42457.468969,4,0,0,998685,1
42463.063362,4,0,0,998444,1
42463.453576,4,0,0,998509,1
42469.607227,4,0,0,998467,1
42471.692185,4,0,0,998469,1
42475.710157,4,0,0,998413,1
42477.720542,4,0,0,998465,1
42480.764815,4,0,0,998481,1
42491.614207,4,0,0,998608,1
42499.979716,4,0,0,998669,1
42502.263851,4,0,0,998567,1
42504.636913,4,0,0,998649,1
42505.412491,4,0,0,998623,1
42509.421834,4,0,0,998671,1
42510.002450,4,0,0,998604,1
42520.149982,4,0,0,998676,1
42529.743657,4,0,0,998356,1
42538.027090,4,0,0,998268,1
42538.163428,4,0,0,998272,1
42539.864888,4,0,0,998332,1
42541.095605,4,0,0,998309,1
42543.625532,4,0,0,998284,1
42557.903383,4,0,0,998625,1
42565.087664,4,0,0,998687,1
42568.681008,4,0,0,998501,1
42592.746572,4,0,0,998797,1
42593.048887,4,0,0,998774,1
42595.932617,4,0,0,998707,1
42598.001407,4,0,0,998511,1
42606.210245,4,0,0,998709,1
42609.393107,4,0,0,998560,1
42612.173951,4,0,0,998498,1
42612.946138,4,0,0,998477,1
42620.493864,4,0,0,998608,1
42636.384085,4,0,0,998562,1
42643.750281,4,0,0,998543,1
42661.487570,4,0,0,998736,1
42662.461537,4,0,0,998778,1
42667.183370,4,0,0,998589,1
42669.961919,4,0,0,998599,1
42670.140231,4,0,0,998582,1
42677.360889,4,0,0,998626,1
42678.279481,4,0,0,998639,1
42690.673320,4,0,0,998559,1
42691.888863,4,0,0,998566,1
42693.334421,4,0,0,998592,1
42710.126125,4,0,0,998822,1
42711.858624,4,0,0,998736,1
42720.857797,4,0,0,998767,1
42727.306320,4,0,0,998790,1
42736.913503,4,0,0,998801,1
42737.269968,4,0,0,998783,1
42740.328947,4,0,0,998800,1
42742.659577,4,0,0,998818,1
42747.781507,4,0,0,998783,1
42759.195960,4,0,0,998757,1
42763.645914,4,0,0,998523,1
42772.250881,4,0,0,998503,1
42782.515402,4,0,0,998370,1
42785.616970,4,0,0,998499,1
42788.203157,4,0,0,998277,1
42791.286647,4,0,0,998322,1
42793.041884,4,0,0,998321,1
42794.024297,4,0,0,998251,1
42800.615540,4,0,0,998108,1
42814.599896,4,0,0,997942,1
42818.042992,4,0,0,998116,1
42820.000237,4,0,0,998115,1
42820.577827,4,0,0,998104,1
42825.470639,4,0,0,998019,1
42826.399219,4,0,0,998060,1
42833.816919,4,0,0,997934,1
42836.565781,4,0,0,997863,1
42838.510357,4,0,0,997859,1
42843.479152,4,0,0,997758,1
42853.411228,4,0,0,997927,1
42861.586762,4,0,0,998130,1
42875.828133,4,0,0,997772,1
42881.238078,4,0,0,997626,1
42891.495299,4,0,0,997487,1
42893.946544,4,0,0,997425,1
42900.183840,4,0,0,997662,1
42909.915406,4,0,0,997586,1
42910.142312,4,0,0,997540,1
42916.597638,4,0,0,997563,1
42924.252195,4,0,0,997326,1
42926.302993,4,0,0,997320,1
42928.157469,4,0,0,997317,1
42947.598745,4,0,0,997235,1
42952.442942,4,0,0,997080,1
42954.193948,4,0,0,996972,1
42955.185232,4,0,0,996989,1
42961.253925,4,0,0,996934,1
42961.729179,4,0,0,996957,1
42962.345257,4,0,0,996921,1
42966.962189,4,0,0,996988,1
42970.492793,4,0,0,997001,1
42970.711478,4,0,0,996998,1
42974.273538,4,0,0,997275,1
42987.259409,4,0,0,997129,1
42992.097238,4,0,0,997310,1
42999.887107,4,0,0,997415,1
43011.111543,4,0,0,997644,1
43014.200578,4,0,0,997534,1
43020.411855,4,0,0,997329,1
43024.583639,4,0,0,997444,1
43034.795115,4,0,0,997627,1
43039.255292,4,0,0,997634,1
43047.189790,4,0,0,997908,1
43053.021747,4,0,0,997993,1
43054.252571,4,0,0,997940,1
43057.029039,4,0,0,997958,1
43066.262800,4,0,0,997861,1
43069.071835,4,0,0,998014,1
43071.306098,4,0,0,998014,1
43084.908215,4,0,0,997965,1
43088.454452,4,0,0,997924,1
43096.788200,4,0,0,997536,1
43098.748435,4,0,0,997505,1
43099.962848,4,0,0,997449,1
43102.372570,4,0,0,997218,1
43103.112408,4,0,0,997212,1
43109.397842,4,0,0,997302,1
43114.478975,4,0,0,997152,1
43120.015696,4,0,0,996801,1
43120.627187,4,0,0,996821,1
43149.302677,4,0,0,996978,1
43156.954516,4,0,0,997248,1
43176.769495,4,0,0,997219,1
43177.453999,4,0,0,997242,1
43178.917474,4,0,0,997180,1
43188.047630,4,0,0,997350,1
43192.055135,4,0,0,997187,1
43192.857442,4,0,0,997137,1
43202.107875,4,0,0,997190,1
43207.501267,4,0,0,997106,1
43214.849605,4,0,0,996943,1
43216.029897,4,0,0,996911,1
43217.169191,4,0,0,996917,1
43233.361580,4,0,0,997167,1
43233.704839,4,0,0,997201,1
43236.859656,4,0,0,997236,1
43238.927843,4,0,0,997162,1
43248.063935,4,0,0,996968,1
43249.187642,4,0,0,997052,1
43250.721361,4,0,0,997133,1
43251.451587,4,0,0,997153,1
43252.188884,4,0,0,997074,1
43253.450225,4,0,0,997092,1
43253.508708,4,0,0,997100,1
43254.619178,4,0,0,997090,1
43255.155200,4,0,0,997064,1
43256.814251,4,0,0,996974,1
43259.631834,4,0,0,996958,1
43268.768832,4,0,0,996721,1
43276.831187,4,0,0,996764,1
43285.902068,4,0,0,996651,1
43288.195148,4,0,0,996721,1
43290.943052,4,0,0,996727,1
43291.533625,4,0,0,996728,1
43300.860819,4,0,0,996679,1
43313.503124,4,0,0,996593,1
43314.764132,4,0,0,996644,1
43315.775008,4,0,0,996646,1
43316.058399,4,0,0,996614,1
43317.221920,4,0,0,996544,1
43332.670705,4,0,0,996498,1
43343.294690,4,0,0,996349,1
43344.224440,4,0,0,996412,1
43346.605995,4,0,0,996338,1
43347.554165,4,0,0,996352,1
43348.611928,4,0,0,996339,1
43351.828762,4,0,0,996202,1
43352.070866,4,0,0,996229,1
43360.073566,4,0,0,996085,1
43361.451067,4,0,0,996102,1
43371.026032,4,0,0,996183,1
43372.268014,4,0,0,996145,1
43378.113775,4,0,0,996091,1
43381.513846,4,0,0,996119,1
43384.325861,4,0,0,996209,1
43389.272561,4,0,0,996230,1
43392.840626,4,0,0,996233,1
43415.390224,4,0,0,996421,1
43419.116128,4,0,0,996318,1
43422.155675,4,0,0,996230,1
43425.637825,4,0,0,996246,1
43426.389606,4,0,0,996285,1
43436.081114,4,0,0,996143,1
43436.559861,4,0,0,996167,1
43436.764530,4,0,0,996161,1
43439.357944,4,0,0,996147,1
43442.120069,4,0,0,996094,1
43461.729728,4,0,0,996334,1
43463.117437,4,0,0,996339,1
43463.725868,4,0,0,996324,1
43471.165957,4,0,0,996386,1
43472.675998,4,0,0,996472,1
43476.599050,4,0,0,996476,1
43479.229670,4,0,0,996442,1
43479.682140,4,0,0,996426,1
43480.313663,4,0,0,996440,1
43481.534412,4,0,0,996476,1
43483.020173,4,0,0,996509,1
43489.533381,4,0,0,996454,1
43490.638110,4,0,0,996509,1
43491.813595,4,0,0,996487,1
43492.824364,4,0,0,996587,1
43497.490887,4,0,0,996439,1
43499.375263,4,0,0,996455,1
43501.188798,4,0,0,996526,1
43502.155641,4,0,0,996492,1
43502.488587,4,0,0,996475,1
43502.727839,4,0,0,996474,1
43518.587600,4,0,0,996374,1
43518.891008,4,0,0,996384,1
43520.253825,4,0,0,996402,1
43528.396380,4,0,0,996623,1
43528.937465,4,0,0,996677,1
43531.837997,4,0,0,996774,1
43533.497094,4,0,0,996683,1
43535.856870,4,0,0,996515,1
43538.793985,4,0,0,996398,1
43541.319071,4,0,0,996538,1
43541.707316,4,0,0,996533,1
43544.416907,4,0,0,996584,1
43552.079435,4,0,0,996558,1
43555.364820,4,0,0,996507,1
43564.759189,4,0,0,996552,1
43565.034790,4,0,0,996538,1
43565.973155,4,0,0,996611,1
43566.175926,4,0,0,996600,1
43566.729399,4,0,0,996567,1
43568.618429,4,0,0,996695,1
43573.475143,4,0,0,996602,1
43573.656638,4,0,0,996601,1
43595.405591,4,0,0,996871,1
43598.108342,4,0,0,996931,1
43599.487166,4,0,0,996968,1
43601.591487,4,0,0,996944,1
43601.878195,4,0,0,996921,1
43602.917313,4,0,0,996867,1
43606.798925,4,0,0,996960,1
43607.123993,4,0,0,996980,1
43610.534096,4,0,0,997058,1
43613.433530,4,0,0,997071,1
43619.443833,4,0,0,997227,1
43629.476109,4,0,0,997215,1
43641.650619,4,0,0,997315,1
43647.797602,4,0,0,997182,1
43650.321644,4,0,0,997107,1
43654.535039,4,0,0,997135,1
43656.970558,4,0,0,997149,1
43657.327925,4,0,0,997108,1
43662.431435,4,0,0,997124,1
43664.937431,4,0,0,997131,1
43665.169997,4,0,0,997148,1
43665.659164,4,0,0,997214,1
43669.837282,4,0,0,997094,1
43680.623615,4,0,0,996947,1
43690.821296,4,0,0,996844,1
43702.864503,4,0,0,997010,1
43708.143999,4,0,0,996877,1
43715.948194,4,0,0,996914,1
43719.025100,4,0,0,996877,1
43726.901143,4,0,0,996933,1
43748.107346,4,0,0,997316,1
43751.406290,4,0,0,997345,1
43752.024475,4,0,0,997330,1
43757.039658,4,0,0,997143,1
43767.011364,4,0,0,997298,1
43771.856235,4,0,0,997274,1
43777.960257,4,0,0,997459,1
43783.000583,4,0,0,997442,1
43783.098231,4,0,0,997432,1
43783.578571,4,0,0,997440,1
43794.248065,4,0,0,997365,1
43823.240917,4,0,0,997417,1
43831.634974,4,0,0,997218,1
43836.923960,4,0,0,997159,1
43838.972523,4,0,0,997122,1
43840.105626,4,0,0,997154,1
43858.427901,4,0,0,997381,1
43865.858863,4,0,0,997375,1
43867.680795,4,0,0,997401,1
43877.755327,4,0,0,997447,1
43880.976695,4,0,0,997424,1
43884.547314,4,0,0,997501,1
43887.016530,4,0,0,997536,1
43894.340893,4,0,0,997666,1
43897.277319,4,0,0,997776,1
43901.878698,4,0,0,997832,1
43906.700053,4,0,0,997844,1
43910.754049,4,0,0,997733,1
43910.798384,4,0,0,997733,1
43913.727182,4,0,0,997869,1
43914.172893,4,0,0,997839,1
43929.542014,4,0,0,997757,1
43933.690474,4,0,0,997760,1
43935.821333,4,0,0,997795,1
43941.860280,4,0,0,997936,1
43954.792827,4,0,0,998170,1
43959.449545,4,0,0,998143,1
43960.875938,4,0,0,998207,1
43963.972903,4,0,0,998254,1
43965.248508,4,0,0,998340,1
43965.394355,4,0,0,998370,1
43966.213309,4,0,0,998340,1
43967.530665,4,0,0,998325,1
43971.340407,4,0,0,998356,1
43972.129761,4,0,0,998292,1
43973.405145,4,0,0,998265,1
43973.994571,4,0,0,998270,1
43974.194432,4,0,0,998233,1
43986.754992,4,0,0,998264,1
43987.040888,4,0,0,998273,1
43993.254876,4,0,0,998636,1
44001.333914,4,0,0,998604,1
44009.448060,4,0,0,998622,1
44010.003641,4,0,0,998662,1
44010.928632,4,0,0,998688,1
44011.015445,4,0,0,998709,1
44020.430931,4,0,0,998849,1
44030.738764,4,0,0,998825,1
44044.274216,4,0,0,998817,1
44057.388893,4,0,0,998476,1
44063.234650,4,0,0,998630,1
44064.428075,4,0,0,998690,1
44078.229354,4,0,0,998921,1
44079.803124,4,0,0,999000,1
44089.496439,4,0,0,999018,1
44095.390120,4,0,0,998864,1
44100.583969,4,0,0,998945,1
44108.846368,4,0,0,998958,1
44111.755252,4,0,0,998695,1
44119.130146,4,0,0,998888,1
44127.860365,4,0,0,998779,1
44130.371958,4,0,0,998868,1
44135.003192,4,0,0,999029,1
44136.390509,4,0,0,999046,1
44143.755793,4,0,0,999050,1
44145.848746,4,0,0,999015,1
44149.260501,4,0,0,998959,1
44151.456993,4,0,0,998918,1
44172.502560,4,0,0,999087,1
44172.557156,4,0,0,999106,1
44174.032446,4,0,0,999061,1
44180.787786,4,0,0,999101,1
44186.214814,4,0,0,999062,1
44191.555704,4,0,0,998831,1
44193.813349,4,0,0,998810,1
44195.895791,4,0,0,998789,1
44196.304636,4,0,0,998778,1
44200.523313,4,0,0,998834,1
44201.436024,4,0,0,998887,1
44202.795743,4,0,0,998712,1
44203.424972,4,0,0,998693,1
44204.288079,4,0,0,998712,1
44207.370172,4,0,0,998686,1
44207.950532,4,0,0,998637,1
44214.551288,4,0,0,998582,1
44217.095872,4,0,0,998612,1
44226.020923,4,0,0,998303,1
44233.334521,4,0,0,998318,1
44244.131694,4,0,0,997995,1
44250.139303,4,0,0,997906,1
44255.527555,4,0,0,997895,1
44259.733909,4,0,0,997819,1
44259.745486,4,0,0,997817,1
44260.595084,4,0,0,997806,1
44263.445707,4,0,0,997845,1
44263.711196,4,0,0,997874,1
44270.603580,4,0,0,997941,1
44271.109941,4,0,0,997975,1
44272.931475,4,0,0,997944,1
44273.593325,4,0,0,997990,1
44280.208335,4,0,0,997860,1
44280.943315,4,0,0,997799,1
44289.953352,4,0,0,998002,1
44290.759008,4,0,0,997925,1
44294.055917,4,0,0,997774,1
44295.434995,4,0,0,997716,1
44302.499532,4,0,0,997645,1
44305.135763,4,0,0,997630,1
44307.277096,4,0,0,997522,1
44314.933629,4,0,0,997523,1
44328.820334,4,0,0,997594,1
44329.903898,4,0,0,997575,1
44331.141856,4,0,0,997475,1
44331.551521,4,0,0,997446,1
44335.404104,4,0,0,997577,1
44349.596415,4,0,0,997376,1
44352.611679,4,0,0,997424,1
44354.388465,4,0,0,997492,1
44355.839653,4,0,0,997481,1
44356.260352,4,0,0,997483,1
44364.893710,4,0,0,997228,1
44368.926610,4,0,0,997133,1
44377.453643,4,0,0,997125,1
44379.239935,4,0,0,997050,1
44389.752614,4,0,0,997280,1
44390.207886,4,0,0,997243,1
44391.512995,4,0,0,997093,1
44397.692379,4,0,0,997123,1
44399.199104,4,0,0,997065,1
44399.374314,4,0,0,997067,1
44415.349349,4,0,0,996786,1
44429.927561,4,0,0,996850,1
44437.359473,4,0,0,997022,1
44439.435091,4,0,0,997021,1
44440.901424,4,0,0,997001,1
44445.650568,4,0,0,997217,1
44448.083112,4,0,0,997150,1
44448.544705,4,0,0,997117,1
44449.487351,4,0,0,997090,1
44455.386222,4,0,0,997090,1
44456.990564,4,0,0,997187,1
44461.321531,4,0,0,997299,1
44463.960547,4,0,0,997238,1
44467.185119,4,0,0,997355,1
44471.888424,4,0,0,997272,1
44474.043146,4,0,0,997339,1
44478.860672,4,0,0,997326,1
44486.548096,4,0,0,997266,1
44488.638115,4,0,0,997219,1
44488.841468,4,0,0,997191,1
44491.984940,4,0,0,997132,1
44492.252747,4,0,0,997109,1
44495.312747,4,0,0,997105,1
44502.125029,4,0,0,997031,1
44503.478279,4,0,0,997066,1
44506.302896,4,0,0,997004,1
44508.326849,4,0,0,997046,1
44508.861930,4,0,0,997045,1
44509.545094,4,0,0,997077,1
44521.764641,4,0,0,997249,1
44524.521774,4,0,0,997166,1
44524.701592,4,0,0,997153,1
44528.398679,4,0,0,997092,1
44531.855169,4,0,0,996970,1
44535.050131,4,0,0,997028,1
44535.594267,4,0,0,997047,1
44561.911029,4,0,0,997221,1
44567.774376,4,0,0,997223,1
44568.721957,4,0,0,997142,1
44573.550702,4,0,0,997321,1
44575.037770,4,0,0,997227,1
44577.432359,4,0,0,997272,1
44578.938218,4,0,0,997252,1
44579.872889,4,0,0,997307,1
44583.134333,4,0,0,997421,1
44586.139680,4,0,0,997228,1
44599.877150,4,0,0,997265,1
44605.567623,4,0,0,997535,1
44612.402776,4,0,0,997696,1
44613.460302,4,0,0,997629,1
44615.782692,4,0,0,997582,1
44624.719613,4,0,0,997564,1
44626.815255,4,0,0,997509,1
44631.201029,4,0,0,997453,1
44633.130718,4,0,0,997415,1
44637.180922,4,0,0,997540,1
44638.658886,4,0,0,997550,1
44645.732381,4,0,0,997494,1
44645.930325,4,0,0,997514,1
44646.707304,4,0,0,997453,1
44651.824913,4,0,0,997533,1
44654.965753,4,0,0,997552,1
44656.107864,4,0,0,997615,1
44657.232064,4,0,0,997595,1
44661.571887,4,0,0,997744,1
44667.528996,4,0,0,997803,1
44680.192163,4,0,0,997637,1
44682.589027,4,0,0,997498,1
44685.256180,4,0,0,997472,1
44685.498425,4,0,0,997467,1
44691.670727,4,0,0,997722,1
44708.737691,4,0,0,997672,1
44714.356899,4,0,0,997841,1
44714.815848,4,0,0,997849,1
44715.453842,4,0,0,997839,1
44726.675208,4,0,0,997757,1
44735.589950,4,0,0,997698,1
44735.747308,4,0,0,997713,1
44737.362609,4,0,0,997791,1
44737.510962,4,0,0,997803,1
44740.013416,4,0,0,997719,1
44740.015760,4,0,0,997720,1
44744.984653,4,0,0,997609,1
44747.272717,4,0,0,997559,1
44749.045661,4,0,0,997453,1
44752.787362,4,0,0,997580,1
44757.859094,4,0,0,997550,1
44758.645634,4,0,0,997526,1
44764.247268,4,0,0,997648,1
44774.341780,4,0,0,997535,1
44777.420835,4,0,0,997406,1
44779.151223,4,0,0,997435,1
44780.267568,4,0,0,997379,1
44781.061221,4,0,0,997363,1
44782.335420,4,0,0,997394,1
44783.166317,4,0,0,997428,1
44788.995756,4,0,0,997501,1
44803.138940,4,0,0,997034,1
44808.978928,4,0,0,997039,1
44816.463626,4,0,0,997072,1
44827.222377,4,0,0,996818,1
44827.384462,4,0,0,996840,1
44834.097953,4,0,0,996835,1
44834.641134,4,0,0,996877,1
44850.606718,4,0,0,996940,1
44852.831465,4,0,0,997036,1
44854.991312,4,0,0,997017,1
44858.443725,4,0,0,996859,1
44860.072840,4,0,0,996880,1
44867.574653,4,0,0,996899,1
44876.248168,4,0,0,996924,1
44879.085131,4,0,0,997073,1
44886.234883,4,0,0,996970,1
44890.089120,4,0,0,996862,1
44899.926960,4,0,0,996926,1
44901.356563,4,0,0,996970,1
44908.499386,4,0,0,996930,1
44908.927181,4,0,0,996938,1
44911.770517,4,0,0,996990,1
44914.220425,4,0,0,997017,1
44917.067610,4,0,0,997054,1
44917.753975,4,0,0,997042,1
44918.285245,4,0,0,997008,1
44923.020377,4,0,0,996876,1
44932.479133,4,0,0,996886,1
44941.939265,4,0,0,997027,1
44942.583538,4,0,0,997068,1
44943.042250,4,0,0,997025,1
44943.910438,4,0,0,996983,1
44947.237021,4,0,0,996926,1
44951.218129,4,0,0,996945,1
44952.015009,4,0,0,996864,1
44956.794856,4,0,0,996857,1
44958.738199,4,0,0,996811,1
44966.126123,4,0,0,996803,1
44969.712658,4,0,0,996836,1
44973.260992,4,0,0,996855,1
44976.035620,4,0,0,996927,1
44977.983890,4,0,0,996906,1
44980.063535,4,0,0,996830,1
44981.525416,4,0,0,996870,1
44985.852998,4,0,0,996804,1
44986.852167,4,0,0,996821,1
44987.097109,4,0,0,996834,1
44995.501398,4,0,0,996929,1
44999.145451,4,0,0,996887,1
45007.406655,4,0,0,997165,1
45011.740029,4,0,0,997231,1
45018.695949,4,0,0,997143,1
45023.864397,4,0,0,997164,1
45028.433245,4,0,0,997210,1
45033.935539,4,0,0,997255,1
45036.502630,4,0,0,997240,1
45037.876743,4,0,0,997221,1
45039.387200,4,0,0,997274,1
45040.830099,4,0,0,997301,1
45047.323220,4,0,0,997625,1
45064.295703,4,0,0,997555,1
45064.723140,4,0,0,997569,1
45070.499525,4,0,0,997684,1
45071.855284,4,0,0,997735,1
45071.878439,4,0,0,997750,1
45076.965011,4,0,0,997717,1
45077.396638,4,0,0,997731,1
45079.181907,4,0,0,997671,1
45080.417215,4,0,0,997625,1
45081.988745,4,0,0,997571,1
45083.228080,4,0,0,997602,1
45094.637474,4,0,0,997596,1
45099.538850,4,0,0,997634,1
45102.462303,4,0,0,997614,1
45103.729750,4,0,0,997573,1
45108.598624,4,0,0,997585,1
45109.129313,4,0,0,997572,1
45114.540201,4,0,0,997714,1
45118.810451,4,0,0,997611,1
45118.823848,4,0,0,997611,1
45124.275150,4,0,0,997660,1
45127.137618,4,0,0,997669,1
45128.023524,4,0,0,997572,1
45128.429316,4,0,0,997595,1
45132.475403,4,0,0,997666,1
45140.431858,4,0,0,997634,1
45142.342527,4,0,0,997589,1
45147.107455,4,0,0,997588,1
45148.790039,4,0,0,997600,1
45166.427997,4,0,0,997961,1
45173.591525,4,0,0,997874,1
45180.232205,4,0,0,997742,1
45181.938474,4,0,0,997839,1
45184.497194,4,0,0,997982,1
45190.169046,4,0,0,998069,1
45201.361449,4,0,0,998164,1
45201.413529,4,0,0,998168,1
45206.216592,4,0,0,998329,1
45213.693586,4,0,0,998182,1
45214.171121,4,0,0,998174,1
45225.313319,4,0,0,998372,1
45229.067524,4,0,0,998370,1
45231.669134,4,0,0,998273,1
45238.532424,4,0,0,998119,1
45240.941465,4,0,0,998154,1
45248.488713,4,0,0,998393,1
45257.522094,4,0,0,998740,1
45274.125836,4,0,0,998832,1
45276.202067,4,0,0,998844,1
45276.680707,4,0,0,998923,1
45283.660349,4,0,0,998949,1
45283.751462,4,0,0,998947,1
45290.613638,4,0,0,998806,1
45299.277222,4,0,0,998764,1
45311.384354,4,0,0,998976,1
45311.527558,4,0,0,998985,1
45322.002458,4,0,0,999238,1
45343.276454,4,0,0,998954,1
45343.907268,4,0,0,998990,1
45347.069611,4,0,0,999138,1
45349.263474,4,0,0,999113,1
45358.780697,4,0,0,999103,1
45359.194127,4,0,0,999139,1
45362.223192,4,0,0,999139,1
45362.361842,4,0,0,999139,1
45375.137014,4,0,0,999116,1
45377.939987,4,0,0,999041,1
45383.983046,4,0,0,998864,1
45384.123111,4,0,0,998840,1
45385.191660,4,0,0,998827,1
45389.925448,4,0,0,998714,1
45391.427063,4,0,0,998700,1
45402.727565,4,0,0,998772,1
45416.522414,4,0,0,998791,1
45417.378330,4,0,0,998803,1
45434.135492,4,0,0,998481,1
45446.189101,4,0,0,998644,1
45449.188535,4,0,0,998672,1
45451.065309,4,0,0,998771,1
45455.200077,4,0,0,998914,1
45459.853664,4,0,0,998904,1
45459.901030,4,0,0,998910,1
45464.643451,4,0,0,999019,1
45467.803502,4,0,0,999004,1
45475.885569,4,0,0,998985,1
45483.912343,4,0,0,998911,1
45489.781514,4,0,0,998766,1
45495.046622,4,0,0,998740,1
45506.645801,4,0,0,998707,1
45510.076101,4,0,0,998598,1
45514.800411,4,0,0,998773,1
45526.146596,4,0,0,998746,1
45538.988666,4,0,0,998914,1
45542.247792,4,0,0,999097,1
45542.964038,4,0,0,999092,1
45547.881368,4,0,0,999081,1
45551.080884,4,0,0,999088,1
45551.991859,4,0,0,999109,1
45553.222885,4,0,0,999048,1
45553.530513,4,0,0,999057,1
45561.266696,4,0,0,999138,1
45564.399796,4,0,0,999112,1
45564.680406,4,0,0,999106,1
45566.177017,4,0,0,999059,1
45580.039941,4,0,0,999398,1
45580.291810,4,0,0,999375,1
45586.026284,4,0,0,999236,1
45586.369847,4,0,0,999195,1
45595.091816,4,0,0,998920,1
45599.702573,4,0,0,998895,1
45607.608034,4,0,0,999033,1
45608.601942,4,0,0,998974,1
45610.509748,4,0,0,999016,1
45614.762868,4,0,0,998757,1
45615.382839,4,0,0,998738,1
45619.904652,4,0,0,998546,1
45621.564849,4,0,0,998598,1
45622.058465,4,0,0,998611,1
45622.713710,4,0,0,998651,1
45624.847542,4,0,0,998536,1
45638.952051,4,0,0,998495,1
45643.653987,4,0,0,998677,1
45644.463719,4,0,0,998650,1
45646.938061,4,0,0,998632,1
45669.592078,4,0,0,998291,1
45678.434045,4,0,0,998346,1
45684.808961,4,0,0,998239,1
45687.491154,4,0,0,998162,1
45688.564254,4,0,0,998234,1
45696.436466,4,0,0,998128,1
45700.440299,4,0,0,998108,1
45701.169448,4,0,0,998097,1
45706.229961,4,0,0,997990,1
45709.666704,4,0,0,997797,1
45710.633628,4,0,0,997756,1
45721.811662,4,0,0,997717,1
45725.759482,4,0,0,997715,1
45727.153791,4,0,0,997786,1
45733.189171,4,0,0,997652,1
45738.978977,4,0,0,997897,1
45743.153359,4,0,0,998007,1
45744.377010,4,0,0,997985,1
45761.040427,4,0,0,998526,1
45765.749973,4,0,0,998478,1
45772.215635,4,0,0,998401,1
45793.069076,4,0,0,998395,1
45793.748182,4,0,0,998399,1
45799.606518,4,0,0,998171,1
45800.433947,4,0,0,998216,1
45805.930949,4,0,0,998211,1
45808.408781,4,0,0,998057,1
45809.876740,4,0,0,998017,1
45816.571353,4,0,0,997989,1
45820.173649,4,0,0,997986,1
45820.907061,4,0,0,997920,1
45821.344553,4,0,0,997871,1
45828.394162,4,0,0,998059,1
45830.990492,4,0,0,997947,1
45832.539558,4,0,0,997930,1
45833.653521,4,0,0,997930,1
45836.744692,4,0,0,997767,1
45837.909577,4,0,0,997807,1
45850.557696,4,0,0,997637,1
45853.385675,4,0,0,997617,1
45857.268225,4,0,0,997465,1
45857.275478,4,0,0,997465,1
45861.569748,4,0,0,997308,1
45861.744448,4,0,0,997349,1
45864.390146,4,0,0,997305,1
45865.398040,4,0,0,997372,1
45867.779239,4,0,0,997264,1
45872.878915,4,0,0,997110,1
45885.363917,4,0,0,997079,1
45888.377158,4,0,0,997138,1
45888.398870,4,0,0,997140,1
45895.780150,4,0,0,997119,1
45897.446404,4,0,0,997155,1
45908.544437,4,0,0,996862,1
45910.462181,4,0,0,996927,1
45928.347215,4,0,0,997239,1
45929.615842,4,0,0,997273,1
45931.894040,4,0,0,997131,1
45934.034480,4,0,0,997028,1
45938.369072,4,0,0,996898,1
45953.603382,4,0,0,996654,1
45954.225284,4,0,0,996655,1
45955.321932,4,0,0,996710,1
45957.737558,4,0,0,996779,1
45959.190750,4,0,0,996772,1
45961.512503,4,0,0,996953,1
45973.461145,4,0,0,996859,1
45975.532576,4,0,0,996967,1
45977.895444,4,0,0,996960,1
45978.316845,4,0,0,996956,1
45978.497483,4,0,0,996952,1
45981.787606,4,0,0,996918,1
45984.140521,4,0,0,996816,1
45989.364172,4,0,0,996714,1
45996.746019,4,0,0,996858,1
45998.102254,4,0,0,996860,1
46000.254363,4,0,0,996926,1
46039.063735,4,0,0,997088,1
46039.185624,4,0,0,997102,1
46043.886734,4,0,0,997219,1
46046.352578,4,0,0,997148,1
46050.127232,4,0,0,997252,1
46050.755335,4,0,0,997224,1
46063.206662,4,0,0,997480,1
46071.893193,4,0,0,997553,1
46075.874635,4,0,0,997608,1
46079.616812,4,0,0,997537,1
46082.737247,4,0,0,997655,1
46095.490485,4,0,0,997576,1
46096.300119,4,0,0,997551,1
46096.639696,4,0,0,997558,1
46106.595512,4,0,0,997499,1
46115.707583,4,0,0,997325,1
46123.742022,4,0,0,997424,1
46127.800698,4,0,0,997579,1
46143.603959,4,0,0,997681,1
46146.468056,4,0,0,997607,1
46150.684907,4,0,0,997728,1
46160.882318,4,0,0,997495,1
46161.147243,4,0,0,997478,1
46175.723915,4,0,0,997514,1
46176.834124,4,0,0,997522,1
46182.482269,4,0,0,997538,1
46183.416820,4,0,0,997538,1
46184.483860,4,0,0,997521,1
46189.700590,4,0,0,997426,1
46191.455943,4,0,0,997489,1
46196.768301,4,0,0,997462,1
46204.229670,4,0,0,997344,1
46221.987710,4,0,0,997296,1
46223.326997,4,0,0,997259,1
46224.209482,4,0,0,997257,1
46224.371921,4,0,0,997270,1
46229.526195,4,0,0,997426,1
46240.996099,4,0,0,997540,1
46246.349460,4,0,0,997463,1
46247.531307,4,0,0,997454,1
46253.227792,4,0,0,997483,1
46259.968025,4,0,0,997669,1
46262.302310,4,0,0,997729,1
46262.430792,4,0,0,997716,1
46264.140971,4,0,0,997686,1
46271.857066,4,0,0,997693,1
46278.783871,4,0,0,997921,1
46281.952248,4,0,0,997904,1
46285.216025,4,0,0,997818,1
46289.929295,4,0,0,997620,1
46293.443706,4,0,0,997675,1
46296.988347,4,0,0,997549,1
46298.920786,4,0,0,997466,1
46306.783615,4,0,0,997510,1
46307.027519,4,0,0,997502,1
46308.999996,4,0,0,997507,1
46312.398324,4,0,0,997642,1
46316.256391,4,0,0,997684,1
46324.767670,4,0,0,997651,1
46330.894284,4,0,0,997735,1
46331.784500,4,0,0,997729,1
46332.167046,4,0,0,997759,1
46332.307383,4,0,0,997738,1
46342.352648,4,0,0,997692,1
46344.751431,4,0,0,997673,1
46347.711801,4,0,0,997465,1
46353.858399,4,0,0,997533,1
46359.530788,4,0,0,997387,1
46363.527558,4,0,0,997435,1
46366.887686,4,0,0,997391,1
46367.810756,4,0,0,997362,1
46368.002873,4,0,0,997390,1
46369.033890,4,0,0,997332,1
46402.368739,4,0,0,997924,1
46404.072097,4,0,0,997964,1
46409.656043,4,0,0,997825,1
46410.931308,4,0,0,997797,1
46415.306999,4,0,0,997697,1
46416.156816,4,0,0,997694,1
46422.134131,4,0,0,997731,1
46422.600133,4,0,0,997698,1
46424.772911,4,0,0,997633,1
46427.815048,4,0,0,997596,1
46432.089399,4,0,0,997556,1
46434.250556,4,0,0,997587,1
46436.686386,4,0,0,997607,1
46444.758360,4,0,0,997511,1
46445.564940,4,0,0,997489,1
46449.574974,4,0,0,997587,1
46451.579196,4,0,0,997536,1
46454.039327,4,0,0,997489,1
46460.296181,4,0,0,997579,1
46463.102790,4,0,0,997676,1
46468.141856,4,0,0,997630,1
46469.619113,4,0,0,997699,1
46478.298029,4,0,0,997617,1
46485.588823,4,0,0,997585,1
46488.090860,4,0,0,997502,1
46490.291453,4,0,0,997417,1
46492.396402,4,0,0,997351,1
46496.510039,4,0,0,997497,1
46496.899338,4,0,0,997480,1
46498.498903,4,0,0,997509,1
46510.294722,4,0,0,997521,1
46512.795717,4,0,0,997652,1
46520.769660,4,0,0,997734,1
46522.562200,4,0,0,997837,1
46524.433849,4,0,0,997792,1
46528.594971,4,0,0,997817,1
46528.729174,4,0,0,997818,1
46532.072623,4,0,0,997759,1
46532.472998,4,0,0,997766,1
46535.656018,4,0,0,997878,1
46543.943822,4,0,0,997737,1
46546.894614,4,0,0,997817,1
46547.718464,4,0,0,997859,1
46551.215710,4,0,0,997874,1
46565.493092,4,0,0,997738,1
46569.523819,4,0,0,997644,1
46585.298209,4,0,0,997725,1
46591.885282,4,0,0,997403,1
46594.511458,4,0,0,997469,1
46596.044258,4,0,0,997473,1
46604.546509,4,0,0,997575,1
46605.991186,4,0,0,997672,1
46607.371234,4,0,0,997676,1
46622.608751,4,0,0,997933,1
46623.955077,4,0,0,997978,1
46624.433379,4,0,0,998019,1
46624.901748,4,0,0,998055,1
46625.549619,4,0,0,997966,1
46634.714218,4,0,0,998122,1
46641.327987,4,0,0,997913,1
46646.539096,4,0,0,997759,1
46649.567713,4,0,0,997834,1
46657.918443,4,0,0,997742,1
46663.524082,4,0,0,997581,1
46686.317598,4,0,0,997496,1
46688.471350,4,0,0,997451,1
46688.980931,4,0,0,997494,1
46690.238468,4,0,0,997474,1
46692.717271,4,0,0,997352,1
46695.578092,4,0,0,997370,1
46705.579374,4,0,0,997203,1
46714.404708,4,0,0,997200,1
46717.565386,4,0,0,997173,1
46726.375009,4,0,0,997197,1
46728.835309,4,0,0,997206,1
46729.565815,4,0,0,997190,1
46733.556463,4,0,0,997214,1
46745.748689,4,0,0,997413,1
46747.728388,4,0,0,997399,1
46752.345387,4,0,0,997190,1
46752.391647,4,0,0,997210,1
46755.299908,4,0,0,997181,1
46765.872031,4,0,0,997073,1
46766.319725,4,0,0,997085,1
46767.125827,4,0,0,997159,1
46767.803246,4,0,0,997151,1
46772.168950,4,0,0,997022,1
46779.164397,4,0,0,997257,1
46779.230256,4,0,0,997242,1
46781.004948,4,0,0,997130,1
46787.762539,4,0,0,997050,1
46792.577168,4,0,0,997008,1
46794.076756,4,0,0,997178,1
46798.422008,4,0,0,997164,1
46802.954234,4,0,0,997154,1
46809.489353,4,0,0,997288,1
46824.683712,4,0,0,997124,1
46826.946824,4,0,0,997173,1
46831.237874,4,0,0,997236,1
46836.794107,4,0,0,997343,1
46851.374275,4,0,0,997247,1
46854.218128,4,0,0,997158,1
46860.214652,4,0,0,997139,1
46877.138811,4,0,0,996940,1
46883.184542,4,0,0,997020,1
46884.018746,4,0,0,997029,1
46902.541018,4,0,0,996702,1
46905.728229,4,0,0,996794,1
46908.335152,4,0,0,996940,1
46910.794735,4,0,0,997085,1
46933.094102,4,0,0,996870,1
46940.849456,4,0,0,996683,1
46944.100894,4,0,0,996640,1
46948.189472,4,0,0,996443,1
46962.588053,4,0,0,996160,1
46965.036860,4,0,0,996149,1
46976.077119,4,0,0,996505,1
46977.396978,4,0,0,996510,1
46980.718208,4,0,0,996401,1
46982.222290,4,0,0,996392,1
46983.792528,4,0,0,996243,1
46987.100112,4,0,0,996015,1
46991.731517,4,0,0,995933,1
46993.427162,4,0,0,995847,1
46994.566444,4,0,0,995936,1
47006.803239,4,0,0,996128,1
47008.236503,4,0,0,996108,1
47009.484346,4,0,0,996122,1
47010.524180,4,0,0,996073,1
47019.560612,4,0,0,995800,1
47022.633811,4,0,0,995784,1
47024.755225,4,0,0,995803,1
47025.528511,4,0,0,995843,1
47026.516566,4,0,0,995792,1
47030.994268,4,0,0,995846,1
47039.217565,4,0,0,995967,1
47043.318028,4,0,0,996047,1
47046.416656,4,0,0,996061,1
47047.617291,4,0,0,996056,1
47050.820796,4,0,0,996145,1
47051.976281,4,0,0,996165,1
47054.249971,4,0,0,996104,1
47057.283710,4,0,0,996222,1
47057.748437,4,0,0,996213,1
47063.577271,4,0,0,996309,1
47065.284681,4,0,0,996278,1
47073.160240,4,0,0,996231,1
47073.229924,4,0,0,996230,1
47073.625187,4,0,0,996221,1
47079.392363,4,0,0,996167,1
47081.769017,4,0,0,996148,1
47081.937995,4,0,0,996167,1
47082.310767,4,0,0,996135,1
47085.362374,4,0,0,996142,1
47085.893579,4,0,0,996138,1
47086.151846,4,0,0,996121,1
47087.966118,4,0,0,996187,1
47092.055130,4,0,0,996247,1
47093.700094,4,0,0,996276,1
47093.780098,4,0,0,996294,1
47106.014702,4,0,0,996249,1
47112.329140,4,0,0,996408,1
47112.848392,4,0,0,996425,1
47113.838923,4,0,0,996373,1
47123.787772,4,0,0,996290,1
47128.265122,4,0,0,996229,1
47134.630968,4,0,0,996273,1
47135.767146,4,0,0,996236,1
47138.489249,4,0,0,996310,1
47140.684733,4,0,0,996202,1
47145.416073,4,0,0,996266,1
47146.723499,4,0,0,996229,1
47148.099621,4,0,0,996238,1
47148.176831,4,0,0,996251,1
47151.855033,4,0,0,996097,1
47154.290015,4,0,0,996150,1
47154.527014,4,0,0,996134,1
47157.673309,4,0,0,996003,1
47160.354171,4,0,0,995862,1
47161.527394,4,0,0,995754,1
47164.597716,4,0,0,995875,1
47168.163090,4,0,0,995938,1
47168.271465,4,0,0,995949,1
47174.439131,4,0,0,995985,1
47180.660785,4,0,0,995912,1
47181.348690,4,0,0,995921,1
47198.106925,4,0,0,995885,1
47203.484959,4,0,0,995650,1
47211.449017,4,0,0,995630,1
47221.162194,4,0,0,995699,1
47223.453412,4,0,0,995630,1
47223.727205,4,0,0,995585,1
47241.709207,4,0,0,995602,1
47242.408018,4,0,0,995540,1
47247.654348,4,0,0,995481,1
47249.163516,4,0,0,995536,1
47250.516365,4,0,0,995421,1
47251.692272,4,0,0,995367,1
47251.897334,4,0,0,995343,1
47269.227822,4,0,0,995598,1
47277.353961,4,0,0,995603,1
47287.934317,4,0,0,995281,1
47289.556289,4,0,0,995195,1
47299.581370,4,0,0,995189,1
47301.119894,4,0,0,995135,1
47308.785399,4,0,0,995022,1
47310.589359,4,0,0,995065,1
47311.402970,4,0,0,995059,1
47311.439504,4,0,0,995053,1
47316.288879,4,0,0,995013,1
47317.238243,4,0,0,995027,1
47318.355304,4,0,0,994997,1
47325.221183,4,0,0,994836,1
47336.947030,4,0,0,995137,1
47349.901120,4,0,0,995069,1
47351.895850,4,0,0,995085,1
47362.036410,4,0,0,995279,1
47367.325888,4,0,0,995342,1
47367.923464,4,0,0,995298,1
47369.186172,4,0,0,995316,1
47375.479414,4,0,0,995222,1
47378.675485,4,0,0,995288,1
47382.390158,4,0,0,995268,1
47389.795729,4,0,0,995245,1
47396.024198,4,0,0,995206,1
47397.113059,4,0,0,995224,1
47401.577722,4,0,0,995195,1
47405.762664,4,0,0,995072,1
47407.260453,4,0,0,994975,1
47422.226752,4,0,0,994779,1
47422.508282,4,0,0,994736,1
47429.782019,4,0,0,994540,1
47438.327545,4,0,0,994768,1
47449.340452,4,0,0,994904,1
47450.546010,4,0,0,994882,1
47455.592664,4,0,0,994858,1
47457.515375,4,0,0,994887,1
47458.609746,4,0,0,994791,1
47460.791382,4,0,0,994866,1
47468.872162,4,0,0,994734,1
47470.256223,4,0,0,994748,1
47474.462450,4,0,0,994728,1
47480.326222,4,0,0,994527,1
47489.360150,4,0,0,994275,1
47491.463863,4,0,0,994255,1
47491.964425,4,0,0,994315,1
47497.070146,4,0,0,994440,1
47497.382031,4,0,0,994415,1
47498.163992,4,0,0,994387,1
47499.990879,4,0,0,994378,1
47500.325696,4,0,0,994347,1
47511.489720,4,0,0,994418,1
47519.144850,4,0,0,994677,1
47519.361812,4,0,0,994682,1
47519.896449,4,0,0,994755,1
47521.817860,4,0,0,994710,1
47522.429706,4,0,0,994700,1
47529.429852,4,0,0,994745,1
47530.836645,4,0,0,994756,1
47532.229457,4,0,0,994779,1
47534.566526,4,0,0,994693,1
47534.830807,4,0,0,994678,1
47535.696677,4,0,0,994686,1
47552.463051,4,0,0,994714,1
47553.371564,4,0,0,994708,1
47566.600625,4,0,0,994615,1
47567.349643,4,0,0,994601,1
47570.059301,4,0,0,994620,1
47572.300473,4,0,0,994733,1
47572.564950,4,0,0,994743,1
47579.639112,4,0,0,994511,1
47584.751008,4,0,0,994595,1
47593.569862,4,0,0,994752,1
47597.118726,4,0,0,994802,1
47601.210827,4,0,0,994703,1
47607.622286,4,0,0,994712,1
47608.126508,4,0,0,994704,1
47608.240288,4,0,0,994701,1
47610.908705,4,0,0,994814,1
47615.171545,4,0,0,994740,1
47615.322992,4,0,0,994757,1
47622.215441,4,0,0,994815,1
47622.961808,4,0,0,994796,1
47631.384307,4,0,0,994603,1
47631.578706,4,0,0,994615,1
47645.413892,4,0,0,994727,1
47646.208635,4,0,0,994777,1
47648.123032,4,0,0,994695,1
47652.299432,4,0,0,994644,1
47652.868919,4,0,0,994660,1
47666.541227,4,0,0,994732,1
47675.047309,4,0,0,994865,1
47677.974678,4,0,0,995008,1
47678.375481,4,0,0,994996,1
47682.825254,4,0,0,994977,1
47685.738871,4,0,0,994846,1
47686.364758,4,0,0,994843,1
47690.235215,4,0,0,994891,1
47693.187360,4,0,0,995030,1
47696.257878,4,0,0,994896,1
47701.921191,4,0,0,994774,1
47703.126321,4,0,0,994817,1
47704.423004,4,0,0,994880,1
47705.475455,4,0,0,994912,1
47707.518317,4,0,0,994966,1
47716.926302,4,0,0,994908,1
47717.065097,4,0,0,994881,1
47721.704470,4,0,0,994743,1
47724.400523,4,0,0,994725,1
47740.119657,4,0,0,994885,1
47741.671737,4,0,0,994826,1
47742.691313,4,0,0,994887,1
47748.282897,4,0,0,994647,1
47756.053175,4,0,0,994716,1
47762.221909,4,0,0,994524,1
47766.339193,4,0,0,994506,1
47774.124886,4,0,0,994567,1
47775.603664,4,0,0,994598,1
47779.184968,4,0,0,994678,1
47780.822333,4,0,0,994713,1
47783.500224,4,0,0,994819,1
47783.706025,4,0,0,994830,1
47789.415579,4,0,0,994647,1
47792.170237,4,0,0,994770,1
47794.545239,4,0,0,994678,1
47816.664828,4,0,0,994694,1
47826.624600,4,0,0,995049,1
47830.008515,4,0,0,995006,1
47835.461786,4,0,0,995016,1
47835.836259,4,0,0,995056,1
47836.331943,4,0,0,995008,1
47838.450831,4,0,0,995026,1
47851.172912,4,0,0,995244,1
47853.324293,4,0,0,995279,1
47856.851876,4,0,0,995404,1
47863.871541,4,0,0,995519,1
47871.493547,4,0,0,995368,1
47871.936943,4,0,0,995404,1
47873.714077,4,0,0,995386,1
47873.790448,4,0,0,995405,1
47879.074270,4,0,0,995475,1
47880.964382,4,0,0,995553,1
47890.613612,4,0,0,995802,1
47892.243251,4,0,0,995694,1
47895.973818,4,0,0,995733,1
47896.606677,4,0,0,995723,1
47900.910014,4,0,0,995809,1
47917.284806,4,0,0,995947,1
47928.889592,4,0,0,996083,1
47951.297313,4,0,0,996630,1
47957.406868,4,0,0,996577,1
47972.375460,4,0,0,996183,1
47974.029742,4,0,0,996255,1
47980.727006,4,0,0,996375,1
48001.309425,4,0,0,996635,1
48002.039460,4,0,0,996592,1
48004.084214,4,0,0,996677,1
48009.163468,4,0,0,996832,1
48013.611568,4,0,0,996739,1
48018.564276,4,0,0,996689,1
48038.867648,4,0,0,996550,1
48041.046397,4,0,0,996541,1
48042.495654,4,0,0,996576,1
48046.930037,4,0,0,996608,1
48048.167326,4,0,0,996628,1
48056.385969,4,0,0,996677,1
48060.585512,4,0,0,996752,1
48060.786336,4,0,0,996732,1
48063.767874,4,0,0,996614,1
48069.999154,4,0,0,996412,1
48072.344120,4,0,0,996344,1
48074.296745,4,0,0,996415,1
48075.102315,4,0,0,996440,1
48081.435943,4,0,0,996294,1
48087.517094,4,0,0,996269,1
48090.384194,4,0,0,996261,1
48090.846234,4,0,0,996196,1
48092.142706,4,0,0,996277,1
48094.270873,4,0,0,996328,1
48096.463530,4,0,0,996355,1
48100.243491,4,0,0,996328,1
48100.946013,4,0,0,996346,1
48103.400740,4,0,0,996209,1
48109.216657,4,0,0,996288,1
48124.999121,4,0,0,996068,1
48129.025597,4,0,0,996288,1
48131.676438,4,0,0,996409,1
48132.864581,4,0,0,996433,1
48136.370919,4,0,0,996395,1
48136.969511,4,0,0,996372,1
48138.425874,4,0,0,996206,1
48139.742526,4,0,0,996171,1
48142.936882,4,0,0,996162,1
48144.884512,4,0,0,996100,1
48159.102242,4,0,0,996006,1
48163.169953,4,0,0,996095,1
48170.179429,4,0,0,996369,1
48173.118672,4,0,0,996542,1
48175.611185,4,0,0,996430,1
48177.167227,4,0,0,996432,1
48181.486727,4,0,0,996464,1
48182.877176,4,0,0,996468,1
48193.132426,4,0,0,996455,1
48193.159060,4,0,0,996441,1
48196.900018,4,0,0,996295,1
48204.621462,4,0,0,996444,1
48210.149871,4,0,0,996479,1
48216.066714,4,0,0,996285,1
48218.154485,4,0,0,996268,1
48219.401271,4,0,0,996342,1
48234.260560,4,0,0,996407,1
48244.222362,4,0,0,996425,1
48244.848796,4,0,0,996396,1
48246.392056,4,0,0,996472,1
48246.420904,4,0,0,996473,1
48248.452310,4,0,0,996362,1
48250.769978,4,0,0,996242,1
48252.962051,4,0,0,996190,1
48256.822120,4,0,0,996189,1
48260.834732,4,0,0,996143,1
48266.306441,4,0,0,996418,1
48266.487857,4,0,0,996446,1
48269.570102,4,0,0,996377,1
48272.515008,4,0,0,996318,1
48275.076185,4,0,0,996237,1
48276.505358,4,0,0,996349,1
48282.203193,4,0,0,996288,1
48297.744319,4,0,0,996422,1
48306.918622,4,0,0,996578,1
48310.565775,4,0,0,996523,1
48312.799142,4,0,0,996468,1
48313.589530,4,0,0,996502,1
48316.260719,4,0,0,996409,1
48317.685794,4,0,0,996522,1
48321.934811,4,0,0,996374,1
48323.854629,4,0,0,996403,1
48324.573264,4,0,0,996350,1
48332.801527,4,0,0,996417,1
48336.554619,4,0,0,996509,1
48336.850712,4,0,0,996559,1
48337.592959,4,0,0,996554,1
48340.354899,4,0,0,996533,1
48340.449582,4,0,0,996530,1
48341.456537,4,0,0,996550,1
48347.308907,4,0,0,996475,1
48348.238820,4,0,0,996480,1
48355.109043,4,0,0,996610,1
48355.371880,4,0,0,996597,1
48357.090829,4,0,0,996621,1
48359.719256,4,0,0,996820,1
48366.017895,4,0,0,996800,1
48369.952548,4,0,0,996631,1
48370.689148,4,0,0,996536,1
48374.815798,4,0,0,996542,1
48375.087899,4,0,0,996514,1
48375.272629,4,0,0,996509,1
48382.624058,4,0,0,996447,1
48383.624384,4,0,0,996459,1
48388.871856,4,0,0,996424,1
48400.708783,4,0,0,996493,1
48415.222751,4,0,0,996310,1
48419.684328,4,0,0,996298,1
48420.456156,4,0,0,996218,1
48425.304565,4,0,0,996407,1
48428.607978,4,0,0,996392,1
48430.747825,4,0,0,996395,1
48438.443374,4,0,0,996462,1
48442.637720,4,0,0,996574,1
48444.063138,4,0,0,996520,1
48445.033376,4,0,0,996484,1
48452.587995,4,0,0,996357,1
48453.051983,4,0,0,996334,1
48455.178679,4,0,0,996441,1
48456.990669,4,0,0,996480,1
48461.117400,4,0,0,996492,1
48464.709295,4,0,0,996504,1
48479.298692,4,0,0,996466,1
48483.660590,4,0,0,996387,1
48485.444846,4,0,0,996394,1
48492.426313,4,0,0,996257,1
48500.014342,4,0,0,996381,1
48504.084232,4,0,0,996419,1
48508.834567,4,0,0,996438,1
48510.788133,4,0,0,996417,1
48515.222319,4,0,0,996454,1
48519.829548,4,0,0,996418,1
48521.750022,4,0,0,996296,1
48529.250025,4,0,0,996126,1
48531.669575,4,0,0,995955,1
48535.372267,4,0,0,995976,1
48539.901679,4,0,0,995895,1
48540.915290,4,0,0,995851,1
48552.473525,4,0,0,995912,1
48559.458361,4,0,0,995827,1
48576.083257,4,0,0,995557,1
48580.793859,4,0,0,995550,1
48586.007379,4,0,0,995621,1
48588.152933,4,0,0,995595,1
48588.316491,4,0,0,995586,1
48591.489365,4,0,0,995652,1
48591.781734,4,0,0,995626,1
48597.360493,4,0,0,995683,1
48598.070046,4,0,0,995639,1
48602.905948,4,0,0,995726,1
48605.025876,4,0,0,995635,1
48607.751560,4,0,0,995591,1
48609.902813,4,0,0,995624,1
48611.234610,4,0,0,995660,1
48616.617622,4,0,0,995588,1
48619.285978,4,0,0,995590,1
48636.522005,4,0,0,995349,1
48643.125046,4,0,0,995310,1
48643.866158,4,0,0,995269,1
48652.006229,4,0,0,995422,1
48658.423261,4,0,0,995303,1
48663.396491,4,0,0,995384,1
48679.174754,4,0,0,995297,1
48689.569434,4,0,0,994998,1
48690.622628,4,0,0,995048,1
48695.514984,4,0,0,995180,1
48703.532929,4,0,0,994981,1
48703.733308,4,0,0,994969,1
48710.934559,4,0,0,995147,1
48712.297287,4,0,0,995145,1
48714.746100,4,0,0,995211,1
48716.614430,4,0,0,995184,1
48719.081866,4,0,0,995138,1
48720.627976,4,0,0,995081,1
48722.766067,4,0,0,995184,1
48724.024700,4,0,0,995093,1
48724.588609,4,0,0,995040,1
48724.818316,4,0,0,995098,1
48726.333260,4,0,0,995102,1
48730.003211,4,0,0,994912,1
48733.485757,4,0,0,994899,1
48737.920549,4,0,0,994880,1
48745.989662,4,0,0,994673,1
48748.245857,4,0,0,994644,1
48754.945706,4,0,0,994629,1
48765.559945,4,0,0,994272,1
48768.462640,4,0,0,994388,1
48795.056641,4,0,0,994214,1
48797.474129,4,0,0,994281,1
48797.633256,4,0,0,994314,1
48802.742921,4,0,0,994328,1
48816.203046,4,0,0,993973,1
48819.338921,4,0,0,993938,1
48833.578064,4,0,0,993946,1
48834.865761,4,0,0,993873,1
48835.078671,4,0,0,993849,1
48842.478414,4,0,0,993737,1
48849.087875,4,0,0,993678,1
48849.715582,4,0,0,993742,1
48851.591948,4,0,0,993795,1
48858.143875,4,0,0,993757,1
48874.096783,4,0,0,993424,1
48876.757540,4,0,0,993384,1
48885.261738,4,0,0,993274,1
48887.453717,4,0,0,993323,1
48902.455142,4,0,0,993068,1
48904.188252,4,0,0,993082,1
48905.971355,4,0,0,993011,1
48906.243409,4,0,0,992987,1
48909.665210,4,0,0,992797,1
48911.277280,4,0,0,992754,1
48911.926499,4,0,0,992757,1
48916.212180,4,0,0,992660,1
48921.679838,4,0,0,992629,1
48925.756884,4,0,0,992670,1
48936.525051,4,0,0,992543,1
48940.554488,4,0,0,992298,1
48942.434509,4,0,0,992308,1
48960.546452,4,0,0,992483,1
48968.871042,4,0,0,992487,1
48972.471245,4,0,0,992506,1
48976.991519,4,0,0,992677,1
48979.021785,4,0,0,992687,1
48984.049478,4,0,0,992875,1
48993.354841,4,0,0,992835,1
49001.154032,4,0,0,993055,1
49003.905407,4,0,0,993118,1
49014.207408,4,0,0,993107,1
49015.580456,4,0,0,993081,1
49019.844401,4,0,0,993216,1
49021.645299,4,0,0,993222,1
49022.336905,4,0,0,993234,1
49032.023084,4,0,0,993186,1
49038.905955,4,0,0,993231,1
49043.040016,4,0,0,993286,1
49044.179297,4,0,0,993207,1
49047.689006,4,0,0,993058,1
49053.634709,4,0,0,993144,1
49058.287801,4,0,0,993166,1
49063.267018,4,0,0,993240,1
49067.558996,4,0,0,993211,1
49076.214838,4,0,0,993103,1
49078.218973,4,0,0,993139,1
49079.208782,4,0,0,993228,1
49084.785028,4,0,0,993415,1
49089.384685,4,0,0,993288,1
49089.547939,4,0,0,993299,1
49091.189084,4,0,0,993353,1
49099.630849,4,0,0,993297,1
49102.908820,4,0,0,993187,1
49105.975593,4,0,0,993069,1
49107.870887,4,0,0,993116,1
49114.735617,4,0,0,993103,1
49123.576521,4,0,0,993288,1
49124.194481,4,0,0,993361,1
49126.270976,4,0,0,993384,1
49129.724383,4,0,0,993336,1
49129.908522,4,0,0,993320,1
49132.133245,4,0,0,993255,1
49140.882013,4,0,0,993090,1
49145.613285,4,0,0,992995,1
49146.152647,4,0,0,992992,1
49149.120260,4,0,0,993089,1
49154.324534,4,0,0,993033,1
49157.992652,4,0,0,992990,1
49158.889844,4,0,0,992984,1
49161.889512,4,0,0,992817,1
49177.636670,4,0,0,992937,1
49182.969004,4,0,0,992776,1
49193.169787,4,0,0,992683,1
49200.141514,4,0,0,992722,1
49203.939547,4,0,0,992700,1
49208.428273,4,0,0,992669,1
49213.185015,4,0,0,992740,1
49216.689932,4,0,0,992826,1
49228.374225,4,0,0,992629,1
49251.250599,4,0,0,992947,1
49252.909416,4,0,0,993050,1
49268.823683,4,0,0,993226,1
49280.972469,4,0,0,993222,1
49288.931207,4,0,0,993221,1
49298.381452,4,0,0,993471,1
49298.966743,4,0,0,993471,1
49315.249691,4,0,0,993313,1
49326.308079,4,0,0,993485,1
49327.937298,4,0,0,993526,1
49336.586251,4,0,0,993456,1
49338.202269,4,0,0,993566,1
49348.334908,4,0,0,993544,1
49356.321099,4,0,0,993369,1
49357.004243,4,0,0,993338,1
49360.105845,4,0,0,993469,1
49361.026006,4,0,0,993503,1
49364.020712,4,0,0,993517,1
49382.306174,4,0,0,993459,1
49391.737810,4,0,0,993165,1
49395.626822,4,0,0,993232,1
49409.368571,4,0,0,993044,1
49435.191469,4,0,0,992950,1
49441.566881,4,0,0,993183,1
49442.002334,4,0,0,993189,1
49442.646557,4,0,0,993163,1
49450.326964,4,0,0,993445,1
49455.676761,4,0,0,993290,1
49458.339807,4,0,0,993325,1
49462.951454,4,0,0,993169,1
49468.321989,4,0,0,993092,1
49484.091226,4,0,0,993095,1
49484.370048,4,0,0,993084,1
49492.364770,4,0,0,992778,1
49498.915466,4,0,0,992610,1
49503.311955,4,0,0,992554,1
49509.784101,4,0,0,992421,1
49512.993925,4,0,0,992494,1
49515.155483,4,0,0,992391,1
49519.256052,4,0,0,992337,1
49521.987305,4,0,0,992355,1
49523.300527,4,0,0,992374,1
49534.645883,4,0,0,992189,1
49539.392863,4,0,0,992326,1
49544.195831,4,0,0,992407,1
49548.857279,4,0,0,992327,1
49549.108630,4,0,0,992326,1
49550.628979,4,0,0,992173,1
49552.545547,4,0,0,992151,1
49557.744685,4,0,0,992186,1
49561.908119,4,0,0,992230,1
49573.643481,4,0,0,992119,1
49584.756116,4,0,0,992118,1
49585.031919,4,0,0,992161,1
49600.552333,4,0,0,991887,1
49604.423863,4,0,0,991983,1
49612.406825,4,0,0,991974,1
49613.931713,4,0,0,992006,1
49614.463317,4,0,0,992003,1
49618.070572,4,0,0,992116,1
49618.276104,4,0,0,992131,1
49622.015389,4,0,0,992179,1
49628.846707,4,0,0,992210,1
49632.018370,4,0,0,992092,1
49639.178081,4,0,0,991884,1
49643.620311,4,0,0,992088,1
49645.401937,4,0,0,992053,1
49649.371712,4,0,0,991933,1
49652.839259,4,0,0,991752,1
49658.777239,4,0,0,991726,1
49661.648400,4,0,0,991610,1
49664.918790,4,0,0,991604,1
49674.887565,4,0,0,991597,1
49687.543765,4,0,0,991645,1
49687.967661,4,0,0,991626,1
49687.998393,4,0,0,991620,1
49689.710048,4,0,0,991661,1
49693.437214,4,0,0,991812,1
49695.527853,4,0,0,991797,1
49702.197390,4,0,0,991825,1
49710.168934,4,0,0,991786,1
49710.425703,4,0,0,991779,1
49727.853778,4,0,0,991740,1
49733.807231,4,0,0,991837,1
49734.519830,4,0,0,991826,1
49742.718289,4,0,0,991888,1
49745.518160,4,0,0,991959,1
49745.704792,4,0,0,991965,1
49748.309305,4,0,0,992039,1
49753.603012,4,0,0,992126,1
49761.038340,4,0,0,992260,1
49763.755391,4,0,0,992307,1
49765.568327,4,0,0,992348,1
49766.543750,4,0,0,992348,1
49767.863699,4,0,0,992346,1
49769.364345,4,0,0,992322,1
49776.301894,4,0,0,992258,1
49783.095020,4,0,0,992363,1
49783.309647,4,0,0,992392,1
49789.842745,4,0,0,992055,1
49789.909763,4,0,0,992076,1
49790.589992,4,0,0,992038,1
49790.713096,4,0,0,992013,1
49792.836895,4,0,0,992090,1
49795.227045,4,0,0,992091,1
49797.687085,4,0,0,992141,1
49805.108937,4,0,0,992351,1
49805.495406,4,0,0,992437,1
49806.306102,4,0,0,992426,1
49806.920858,4,0,0,992449,1
49810.926466,4,0,0,992475,1
49811.423894,4,0,0,992437,1
49816.862376,4,0,0,992302,1
49822.754449,4,0,0,992371,1
49825.985381,4,0,0,992351,1
49827.923328,4,0,0,992239,1
49828.883389,4,0,0,992202,1
49834.290775,4,0,0,992200,1
49835.996298,4,0,0,992228,1
49840.045456,4,0,0,992191,1
49841.282148,4,0,0,992102,1
49842.844148,4,0,0,992114,1
49851.507952,4,0,0,992185,1
49858.104798,4,0,0,992169,1
49862.140439,4,0,0,992320,1
49863.157622,4,0,0,992273,1
49866.436085,4,0,0,992293,1
49880.092823,4,0,0,992471,1
49881.780469,4,0,0,992358,1
49881.941635,4,0,0,992362,1
49883.288971,4,0,0,992366,1
49885.910845,4,0,0,992365,1
49886.409232,4,0,0,992394,1
49888.037163,4,0,0,992446,1
49890.695130,4,0,0,992532,1
49897.192166,4,0,0,992408,1
49899.328482,4,0,0,992575,1
49902.496090,4,0,0,992523,1
49903.840856,4,0,0,992571,1
49910.016675,4,0,0,992384,1
49912.840720,4,0,0,992258,1
49919.159141,4,0,0,992226,1
49925.050893,4,0,0,992128,1
49930.411874,4,0,0,991938,1
49932.931761,4,0,0,991978,1
49942.123610,4,0,0,991850,1
49953.842246,4,0,0,991982,1
49953.988975,4,0,0,992006,1
49959.418523,4,0,0,992034,1
49972.773665,4,0,0,991944,1
49973.594223,4,0,0,991980,1
49997.694667,4,0,0,991649,1
49999.328728,4,0,0,991716,1
50001.801145,4,0,0,991637,1
50003.951896,4,0,0,991555,1
50005.429700,4,0,0,991566,1
50006.210691,4,0,0,991588,1
50011.997510,4,0,0,991382,1
50021.856670,4,0,0,991580,1
50029.794447,4,0,0,991501,1
50036.943419,4,0,0,991416,1
50037.679278,4,0,0,991440,1
50045.247446,4,0,0,991188,1
50045.371965,4,0,0,991194,1
50052.384635,4,0,0,991461,1
50072.672574,4,0,0,992035,1
50072.794548,4,0,0,992042,1
50074.794713,4,0,0,992162,1
50075.006952,4,0,0,992164,1
50077.186701,4,0,0,992314,1
50082.660535,4,0,0,992437,1
50082.828412,4,0,0,992445,1
50087.456740,4,0,0,992617,1
50089.353732,4,0,0,992625,1
50092.953322,4,0,0,992591,1
50094.869628,4,0,0,992581,1
50101.055018,4,0,0,992632,1
50105.731245,4,0,0,992565,1
50112.492339,4,0,0,992673,1
50117.296594,4,0,0,992660,1
50118.575849,4,0,0,992546,1
50124.207322,4,0,0,992629,1
50127.767997,4,0,0,992727,1
50131.984182,4,0,0,992800,1
50145.379256,4,0,0,992689,1
50145.769353,4,0,0,992700,1
50148.709065,4,0,0,992649,1
50150.650440,4,0,0,992761,1
50152.605906,4,0,0,992778,1
50159.780323,4,0,0,992737,1
50165.465777,4,0,0,992740,1
50182.021429,4,0,0,992290,1
50183.280691,4,0,0,992179,1
50186.745720,4,0,0,992204,1
50192.778772,4,0,0,992326,1
50196.493944,4,0,0,992259,1
50200.040510,4,0,0,992256,1
50203.535454,4,0,0,992167,1
50217.128253,4,0,0,992405,1
50220.683447,4,0,0,992457,1
50220.751864,4,0,0,992459,1
50228.498900,4,0,0,992547,1
50232.398194,4,0,0,992389,1
50233.137002,4,0,0,992342,1
50235.678239,4,0,0,992313,1
50245.784733,4,0,0,992477,1
50246.653656,4,0,0,992586,1
50249.918672,4,0,0,992535,1
50257.860208,4,0,0,992630,1
50265.105189,4,0,0,992583,1
50269.868969,4,0,0,992589,1
50271.724201,4,0,0,992662,1
50271.978348,4,0,0,992716,1
50276.230484,4,0,0,992728,1
50280.045496,4,0,0,992838,1
50287.410703,4,0,0,992996,1
50290.367209,4,0,0,993023,1
50295.076420,4,0,0,993173,1
50297.122267,4,0,0,993094,1
50297.262113,4,0,0,993120,1
50297.512006,4,0,0,993117,1
50305.490202,4,0,0,993083,1
50309.192395,4,0,0,993076,1
50311.833723,4,0,0,992911,1
50312.093054,4,0,0,992915,1
50314.212649,4,0,0,992881,1
50321.070427,4,0,0,992899,1
50331.968489,4,0,0,992805,1
50332.602331,4,0,0,992836,1
50335.280421,4,0,0,992862,1
50339.931959,4,0,0,993010,1
50355.317652,4,0,0,993172,1
50365.457798,4,0,0,993031,1
50376.187236,4,0,0,993024,1
50376.418703,4,0,0,992993,1
50376.476845,4,0,0,992980,1
50379.175832,4,0,0,992993,1
50395.722774,4,0,0,992617,1
50398.844129,4,0,0,992611,1
50400.890459,4,0,0,992677,1
50403.308642,4,0,0,992823,1
50406.199166,4,0,0,992807,1
50413.148900,4,0,0,992717,1
50414.564976,4,0,0,992679,1
50416.939336,4,0,0,992641,1
50419.065340,4,0,0,992690,1
50421.556672,4,0,0,992704,1
50424.977093,4,0,0,992637,1
50432.710081,4,0,0,992649,1
50441.356602,4,0,0,992628,1
50445.132404,4,0,0,992472,1
50446.981509,4,0,0,992558,1
50447.114235,4,0,0,992566,1
50447.181049,4,0,0,992547,1
50448.583316,4,0,0,992612,1
50451.091360,4,0,0,992589,1
50456.448116,4,0,0,992639,1
50456.502452,4,0,0,992629,1
50459.528086,4,0,0,992572,1
50463.578192,4,0,0,992655,1
50467.644313,4,0,0,992570,1
50468.748014,4,0,0,992629,1
50470.705900,4,0,0,992631,1
50478.170500,4,0,0,992585,1
50485.864075,4,0,0,992778,1
50489.563578,4,0,0,992799,1
50498.941961,4,0,0,992692,1
50503.865989,4,0,0,992789,1
50506.711657,4,0,0,992716,1
50508.071835,4,0,0,992703,1
50509.454549,4,0,0,992701,1
50514.948204,4,0,0,992719,1
50516.107554,4,0,0,992734,1
50516.924467,4,0,0,992651,1
50520.195965,4,0,0,992857,1
50525.218077,4,0,0,992925,1
50538.132999,4,0,0,993059,1
50540.856005,4,0,0,992990,1
50541.842619,4,0,0,993070,1
50557.799645,4,0,0,992661,1
50559.680202,4,0,0,992667,1
50561.623559,4,0,0,992644,1
50567.777033,4,0,0,992457,1
50570.484458,4,0,0,992425,1
50571.285985,4,0,0,992472,1
50582.564346,4,0,0,992233,1
50590.333855,4,0,0,992483,1
50598.166837,4,0,0,992422,1
50600.368817,4,0,0,992512,1
50615.071754,4,0,0,992857,1
50623.695871,4,0,0,992635,1
50625.436458,4,0,0,992616,1
50629.307982,4,0,0,992474,1
50646.847666,4,0,0,992451,1
50648.771701,4,0,0,992435,1
50649.008090,4,0,0,992450,1
50652.900669,4,0,0,992493,1
50662.152333,4,0,0,992371,1
50668.280336,4,0,0,992426,1
50670.848018,4,0,0,992468,1
50675.210467,4,0,0,992378,1
50677.294391,4,0,0,992433,1
50682.377768,4,0,0,992358,1
50684.517616,4,0,0,992333,1
50686.614677,4,0,0,992364,1
50693.759661,4,0,0,992183,1
50701.578411,4,0,0,992181,1
50706.323021,4,0,0,992176,1
50708.583840,4,0,0,992088,1
50711.068921,4,0,0,992112,1
50711.482839,4,0,0,992124,1
50720.652671,4,0,0,992152,1
50729.795550,4,0,0,992274,1
50749.361296,4,0,0,992168,1
50751.418093,4,0,0,992173,1
50757.443835,4,0,0,992221,1
50766.257826,4,0,0,992166,1
50768.612455,4,0,0,992204,1
50771.862321,4,0,0,992201,1
50772.684098,4,0,0,992172,1
50774.183959,4,0,0,992222,1
50779.812371,4,0,0,992234,1
50781.500628,4,0,0,992217,1
50781.528842,4,0,0,992211,1
50790.454104,4,0,0,992272,1
50799.452563,4,0,0,992198,1
50799.642303,4,0,0,992202,1
50802.484591,4,0,0,992314,1
50802.845631,4,0,0,992256,1
50809.251451,4,0,0,992112,1
50810.576489,4,0,0,992089,1
50817.335343,4,0,0,992075,1
50820.192902,4,0,0,992132,1
50827.776820,4,0,0,992203,1
50832.128707,4,0,0,992293,1
50836.492101,4,0,0,992396,1
50844.840878,4,0,0,992198,1
50846.553973,4,0,0,992174,1
