34199.000000,1,0,100,999000,1
34199.000000,1,0,100,999100,1
34199.000000,1,0,100,999200,1
34199.000000,1,0,100,999300,1
34199.000000,1,0,100,999400,1
34199.000000,1,0,100,999500,1
34199.000000,1,0,100,999600,1
34199.000000,1,0,100,999700,1
34199.000000,1,0,100,999800,1
34199.000000,1,0,100,999900,1
34199.000000,1,0,100,1000100,-1
34199.000000,1,0,100,1000200,-1
34199.000000,1,0,100,1000300,-1
34199.000000,1,0,100,1000400,-1
34199.000000,1,0,100,1000500,-1
34199.000000,1,0,100,1000600,-1
34199.000000,1,0,100,1000700,-1
34199.000000,1,0,100,1000800,-1
34199.000000,1,0,100,1000900,-1
34199.000000,1,0,100,1001000,-1
34200.000000,4,0,0,1000000,1
34201.928428,4,0,0,1000052,1
34210.157917,4,0,0,1000399,1
34210.361501,4,0,0,1000358,1
34210.905964,4,0,0,1000326,1
34215.227068,4,0,0,1000219,1
34218.834219,4,0,0,1000411,1
34221.428197,4,0,0,1000421,1
34223.381218,4,0,0,1000541,1
34228.038066,4,0,0,1000739,1
34230.793761,4,0,0,1000821,1
34237.157660,4,0,0,1000943,1
34240.646519,4,0,0,1000920,1
34244.780199,4,0,0,1001007,1
34249.735330,4,0,0,1001076,1
34271.856465,4,0,0,1001274,1
34280.049438,4,0,0,1001414,1
34282.597526,4,0,0,1001328,1
34292.585979,4,0,0,1001339,1
34300.883607,4,0,0,1001319,1
34301.151356,4,0,0,1001331,1
34307.212924,4,0,0,1001414,1
34314.958197,4,0,0,1001281,1
34321.331599,4,0,0,1001398,1
34327.234348,4,0,0,1001596,1
34330.955901,4,0,0,1001620,1
34331.593221,4,0,0,1001625,1
34346.706257,4,0,0,1001366,1
34349.174016,4,0,0,1001304,1
34350.343013,4,0,0,1001383,1
34356.381509,4,0,0,1001307,1
34381.004153,4,0,0,1001129,1
34382.415188,4,0,0,1001221,1
34387.733600,4,0,0,1001215,1
34392.101605,4,0,0,1001239,1
34398.141052,4,0,0,1001413,1
34411.382533,4,0,0,1001246,1
34413.455002,4,0,0,1001231,1
34414.853340,4,0,0,1001186,1
34417.314825,4,0,0,1001242,1
34423.875058,4,0,0,1001334,1
34430.029835,4,0,0,1001223,1
34432.520489,4,0,0,1001174,1
34454.245599,4,0,0,1000683,1
34457.107601,4,0,0,1000652,1
34459.345114,4,0,0,1000592,1
34465.256035,4,0,0,1000663,1
34465.667390,4,0,0,1000693,1
34468.096192,4,0,0,1000656,1
34475.139587,4,0,0,1000773,1
34482.056776,4,0,0,1000805,1
34483.652716,4,0,0,1000832,1
34484.657262,4,0,0,1000773,1
34487.703276,4,0,0,1000556,1
34489.651970,4,0,0,1000513,1
34495.995155,4,0,0,1000603,1
34496.997135,4,0,0,1000630,1
34498.919301,4,0,0,1000573,1
34507.807064,4,0,0,1000632,1
34512.369930,4,0,0,1000598,1
34522.719213,4,0,0,1000618,1
34540.658618,4,0,0,1000383,1
34549.326883,4,0,0,1000338,1
34550.280288,4,0,0,1000294,1
34554.885387,4,0,0,1000346,1
34557.975520,4,0,0,1000234,1
34560.450497,4,0,0,1000293,1
34566.924266,4,0,0,1000295,1
34575.281219,4,0,0,1000185,1
34580.776206,4,0,0,1000333,1
34581.493092,4,0,0,1000280,1
34587.293308,4,0,0,1000319,1
34587.583164,4,0,0,1000348,1
34588.606166,4,0,0,1000300,1
34600.974517,4,0,0,1000336,1
34603.457087,4,0,0,1000263,1
34604.224329,4,0,0,1000292,1
34609.705112,4,0,0,1000226,1
34610.558415,4,0,0,1000226,1
34615.552388,4,0,0,1000315,1
34616.937807,4,0,0,1000291,1
34617.139790,4,0,0,1000330,1
34632.375754,4,0,0,1000746,1
34632.703255,4,0,0,1000777,1
34636.141836,4,0,0,1000735,1
34638.137399,4,0,0,1000689,1
34643.294247,4,0,0,1000645,1
34652.188118,4,0,0,1000396,1
34656.614418,4,0,0,1000442,1
34660.843882,4,0,0,1000377,1
34661.438837,4,0,0,1000398,1
34667.363305,4,0,0,1000458,1
34668.457034,4,0,0,1000527,1
34671.679070,4,0,0,1000532,1
34671.857342,4,0,0,1000521,1
34673.668607,4,0,0,1000552,1
34683.171230,4,0,0,1000577,1
34687.078887,4,0,0,1000644,1
34690.860911,4,0,0,1000719,1
34693.052964,4,0,0,1000674,1
34701.471367,4,0,0,1000671,1
34703.017449,4,0,0,1000803,1
34703.659327,4,0,0,1000867,1
34707.613922,4,0,0,1000813,1
34709.100847,4,0,0,1000977,1
34716.231700,4,0,0,1000854,1
34717.176836,4,0,0,1000869,1
34724.485654,4,0,0,1000744,1
34728.962048,4,0,0,1000683,1
34729.165893,4,0,0,1000650,1
34733.104053,4,0,0,1000593,1
34738.376561,4,0,0,1000399,1
34751.698294,4,0,0,1000426,1
34759.068130,4,0,0,1000417,1
34765.702854,4,0,0,1000567,1
34768.987988,4,0,0,1000593,1
34769.196742,4,0,0,1000594,1
34777.311009,4,0,0,1000419,1
34777.376578,4,0,0,1000411,1
34781.193882,4,0,0,1000416,1
34785.192583,4,0,0,1000447,1
34785.765314,4,0,0,1000394,1
34786.075217,4,0,0,1000411,1
34790.162201,4,0,0,1000377,1
34793.338659,4,0,0,1000295,1
34795.053286,4,0,0,1000335,1
34795.247397,4,0,0,1000320,1
34800.050498,4,0,0,1000224,1
34800.685150,4,0,0,1000188,1
34800.740951,4,0,0,1000179,1
34802.289121,4,0,0,1000100,1
34804.004593,4,0,0,1000015,1
34804.955040,4,0,0,1000063,1
34805.286421,4,0,0,1000049,1
34812.507336,4,0,0,999953,1
34814.955049,4,0,0,999826,1
34816.303570,4,0,0,999844,1
34819.849656,4,0,0,999845,1
34821.256658,4,0,0,999918,1
34830.386098,4,0,0,1000056,1
34833.544181,4,0,0,1000053,1
34838.209021,4,0,0,1000036,1
34855.486845,4,0,0,1000088,1
34857.581028,4,0,0,1000075,1
34858.797227,4,0,0,1000027,1
34877.198777,4,0,0,999973,1
34881.426629,4,0,0,999940,1
34900.545853,4,0,0,999876,1
34917.099252,4,0,0,1000210,1
34922.936264,4,0,0,1000180,1
34923.029839,4,0,0,1000175,1
34927.565544,4,0,0,1000319,1
34928.937856,4,0,0,1000397,1
34929.600429,4,0,0,1000428,1
34931.780675,4,0,0,1000558,1
34932.847859,4,0,0,1000588,1
34939.800339,4,0,0,1000654,1
34952.805998,4,0,0,1000457,1
34952.933898,4,0,0,1000465,1
34954.347820,4,0,0,1000409,1
34955.827307,4,0,0,1000469,1
34956.561196,4,0,0,1000479,1
34971.026323,4,0,0,1000699,1
34972.386248,4,0,0,1000738,1
34974.491100,4,0,0,1000733,1
34974.730947,4,0,0,1000765,1
34976.031013,4,0,0,1000753,1
34986.279737,4,0,0,1000543,1
35002.227431,4,0,0,1000472,1
35007.328620,4,0,0,1000365,1
35009.012140,4,0,0,1000319,1
35009.304529,4,0,0,1000265,1
35018.856475,4,0,0,1000204,1
35019.662313,4,0,0,1000207,1
35021.163672,4,0,0,1000211,1
35024.961507,4,0,0,1000138,1
35026.351164,4,0,0,1000163,1
35035.252745,4,0,0,1000318,1
35038.587210,4,0,0,1000348,1
35041.756280,4,0,0,1000368,1
35053.020850,4,0,0,1000463,1
35064.819164,4,0,0,1000309,1
35066.141220,4,0,0,1000255,1
35066.231778,4,0,0,1000275,1
35071.535384,4,0,0,1000370,1
35073.043392,4,0,0,1000436,1
35073.112270,4,0,0,1000421,1
35073.600677,4,0,0,1000466,1
35076.194904,4,0,0,1000467,1
35076.808926,4,0,0,1000490,1
35077.918098,4,0,0,1000504,1
35084.450968,4,0,0,1000515,1
35087.358320,4,0,0,1000567,1
35087.934239,4,0,0,1000525,1
35089.093312,4,0,0,1000400,1
35101.821215,4,0,0,1000751,1
35101.859101,4,0,0,1000749,1
35106.767513,4,0,0,1000824,1
35111.713318,4,0,0,1000884,1
35117.163569,4,0,0,1001018,1
35121.289253,4,0,0,1000857,1
35128.626196,4,0,0,1001058,1
35136.872238,4,0,0,1000951,1
35141.847281,4,0,0,1001173,1
35142.793776,4,0,0,1001239,1
35148.986859,4,0,0,1001430,1
35150.588494,4,0,0,1001346,1
35159.392550,4,0,0,1001394,1
35163.428586,4,0,0,1001480,1
35163.854597,4,0,0,1001443,1
35175.415419,4,0,0,1001667,1
35178.382578,4,0,0,1001724,1
35192.067794,4,0,0,1001652,1
35192.265375,4,0,0,1001658,1
35192.808757,4,0,0,1001671,1
35199.545873,4,0,0,1001839,1
35199.749861,4,0,0,1001808,1
35202.621127,4,0,0,1001686,1
35210.715034,4,0,0,1001754,1
35213.312223,4,0,0,1001837,1
35214.319229,4,0,0,1001806,1
35223.181961,4,0,0,1001694,1
35223.724226,4,0,0,1001690,1
35225.348008,4,0,0,1001748,1
35226.517114,4,0,0,1001719,1
35229.500406,4,0,0,1001640,1
35231.340995,4,0,0,1001703,1
35242.803106,4,0,0,1001540,1
35250.164495,4,0,0,1001691,1
35256.012002,4,0,0,1001766,1
35256.732399,4,0,0,1001703,1
35261.255663,4,0,0,1001724,1
35270.371777,4,0,0,1001817,1
35282.675402,4,0,0,1001471,1
35287.863292,4,0,0,1001313,1
35289.295986,4,0,0,1001360,1
35290.845036,4,0,0,1001353,1
35295.668861,4,0,0,1001404,1
35301.829454,4,0,0,1001355,1
35303.572666,4,0,0,1001322,1
35308.988825,4,0,0,1001371,1
35312.364552,4,0,0,1001307,1
35320.817266,4,0,0,1001042,1
35326.313282,4,0,0,1001082,1
35337.828641,4,0,0,1001239,1
35338.439356,4,0,0,1001238,1
35347.191130,4,0,0,1001426,1
35361.348125,4,0,0,1001180,1
35365.422724,4,0,0,1001405,1
35365.442578,4,0,0,1001410,1
35365.605513,4,0,0,1001381,1
35368.147618,4,0,0,1001463,1
35371.077763,4,0,0,1001479,1
35374.181994,4,0,0,1001489,1
35379.649762,4,0,0,1001573,1
35386.370700,4,0,0,1001455,1
35394.588321,4,0,0,1001674,1
35396.620398,4,0,0,1001697,1
35401.182346,4,0,0,1001702,1
35403.567604,4,0,0,1001592,1
35409.744520,4,0,0,1001631,1
35413.706682,4,0,0,1001665,1
35418.024559,4,0,0,1001608,1
35420.369592,4,0,0,1001708,1
35425.180091,4,0,0,1001717,1
35434.851859,4,0,0,1001805,1
35439.893197,4,0,0,1001921,1
35440.551151,4,0,0,1001950,1
35440.995333,4,0,0,1001984,1
35446.404132,4,0,0,1002121,1
35448.504591,4,0,0,1002100,1
35450.311130,4,0,0,1002099,1
35460.864235,4,0,0,1002091,1
35470.397842,4,0,0,1002237,1
35478.228237,4,0,0,1002220,1
35480.341539,4,0,0,1002163,1
35485.235417,4,0,0,1001964,1
35489.601356,4,0,0,1001897,1
35490.885210,4,0,0,1001911,1
35495.143509,4,0,0,1001947,1
35522.921792,4,0,0,1001565,1
35523.179441,4,0,0,1001543,1
35524.475680,4,0,0,1001528,1
35526.397008,4,0,0,1001441,1
35534.112500,4,0,0,1001598,1
35536.915543,4,0,0,1001580,1
35537.225177,4,0,0,1001570,1
35539.056405,4,0,0,1001625,1
35547.540983,4,0,0,1001626,1
35553.951533,4,0,0,1001585,1
35555.514054,4,0,0,1001628,1
35561.747949,4,0,0,1001544,1
35563.589261,4,0,0,1001505,1
35564.380414,4,0,0,1001483,1
35584.416409,4,0,0,1001430,1
35585.866232,4,0,0,1001458,1
35590.350325,4,0,0,1001510,1
35602.281141,4,0,0,1001765,1
35607.204506,4,0,0,1001738,1
35609.864503,4,0,0,1001709,1
35612.284122,4,0,0,1001833,1
35612.523805,4,0,0,1001815,1
35612.928851,4,0,0,1001801,1
35615.792429,4,0,0,1001767,1
35628.006042,4,0,0,1001790,1
35629.276328,4,0,0,1001764,1
35638.986822,4,0,0,1001782,1
35646.831126,4,0,0,1001767,1
35647.745765,4,0,0,1001718,1
35649.535948,4,0,0,1001769,1
35652.209455,4,0,0,1001790,1
35661.582740,4,0,0,1001972,1
35666.389260,4,0,0,1001961,1
35674.715033,4,0,0,1002004,1
35678.000177,4,0,0,1002016,1
35682.174918,4,0,0,1002019,1
35685.066701,4,0,0,1002048,1
35686.494832,4,0,0,1002053,1
35691.099006,4,0,0,1002074,1
35695.193788,4,0,0,1002156,1
35704.851866,4,0,0,1002135,1
35717.206434,4,0,0,1001861,1
35721.286993,4,0,0,1001903,1
35726.948616,4,0,0,1001741,1
35729.328598,4,0,0,1001595,1
35734.722220,4,0,0,1001607,1
35764.963805,4,0,0,1001485,1
35778.442456,4,0,0,1001355,1
35779.170270,4,0,0,1001335,1
35792.474632,4,0,0,1001421,1
35792.663082,4,0,0,1001410,1
35792.785006,4,0,0,1001408,1
35793.720788,4,0,0,1001454,1
35795.460289,4,0,0,1001486,1
35815.455021,4,0,0,1001822,1
35829.187161,4,0,0,1002219,1
35836.088215,4,0,0,1002189,1
35840.752295,4,0,0,1002021,1
35857.338989,4,0,0,1001895,1
35861.406814,4,0,0,1001886,1
35862.553087,4,0,0,1001903,1
35863.237773,4,0,0,1001872,1
35870.134857,4,0,0,1001875,1
35873.716669,4,0,0,1001729,1
35881.844714,4,0,0,1001749,1
35889.393081,4,0,0,1001927,1
35894.695053,4,0,0,1002018,1
35901.862662,4,0,0,1001734,1
35907.432396,4,0,0,1001735,1
35910.108977,4,0,0,1001679,1
35918.583009,4,0,0,1001729,1
35930.416523,4,0,0,1001649,1
35937.598792,4,0,0,1001874,1
35938.027846,4,0,0,1001950,1
35952.316902,4,0,0,1001993,1
35955.416322,4,0,0,1001953,1
35965.775037,4,0,0,1002074,1
35966.199417,4,0,0,1002052,1
35979.508711,4,0,0,1002102,1
35981.316161,4,0,0,1002215,1
35983.928717,4,0,0,1002173,1
35989.455629,4,0,0,1002184,1
35989.910713,4,0,0,1002216,1
35991.025471,4,0,0,1002243,1
35995.206516,4,0,0,1002464,1
35997.532188,4,0,0,1002534,1
35998.069921,4,0,0,1002518,1
35998.118372,4,0,0,1002500,1
36008.943694,4,0,0,1002568,1
36014.214584,4,0,0,1002618,1
36016.085769,4,0,0,1002646,1
36026.468614,4,0,0,1002942,1
36042.806687,4,0,0,1002816,1
36043.213265,4,0,0,1002824,1
36044.655651,4,0,0,1002793,1
36048.261320,4,0,0,1002828,1
36060.373191,4,0,0,1003125,1
36061.641525,4,0,0,1003064,1
36074.732892,4,0,0,1002927,1
36085.793473,4,0,0,1003000,1
36087.766662,4,0,0,1003003,1
36088.986500,4,0,0,1002964,1
36089.954699,4,0,0,1002909,1
36090.224992,4,0,0,1002885,1
36105.164329,4,0,0,1002684,1
36105.923274,4,0,0,1002712,1
36121.050552,4,0,0,1002754,1
36123.030401,4,0,0,1002627,1
36123.322668,4,0,0,1002667,1
36131.499036,4,0,0,1002872,1
36139.274169,4,0,0,1002566,1
36142.249057,4,0,0,1002469,1
36149.323296,4,0,0,1002346,1
36155.927260,4,0,0,1002341,1
36158.790940,4,0,0,1002413,1
36160.383624,4,0,0,1002423,1
36161.118415,4,0,0,1002379,1
36172.632848,4,0,0,1002043,1
36173.026768,4,0,0,1002073,1
36179.209173,4,0,0,1002187,1
36179.595710,4,0,0,1002235,1
36184.894472,4,0,0,1002167,1
36185.191730,4,0,0,1002142,1
36185.755501,4,0,0,1002121,1
36188.838651,4,0,0,1002266,1
36189.242195,4,0,0,1002260,1
36189.397424,4,0,0,1002255,1
36194.275838,4,0,0,1002337,1
36205.056918,4,0,0,1002558,1
36208.212494,4,0,0,1002495,1
36216.902848,4,0,0,1002496,1
36222.803226,4,0,0,1002364,1
36235.726001,4,0,0,1001968,1
36253.237238,4,0,0,1002304,1
36257.477637,4,0,0,1002374,1
36271.436037,4,0,0,1002483,1
36277.276962,4,0,0,1002668,1
36280.263886,4,0,0,1002610,1
36292.048520,4,0,0,1002328,1
36296.190567,4,0,0,1002304,1
36297.497344,4,0,0,1002389,1
36299.856171,4,0,0,1002469,1
36302.477437,4,0,0,1002442,1
36303.334008,4,0,0,1002474,1
36303.455026,4,0,0,1002478,1
36303.713366,4,0,0,1002466,1
36309.135524,4,0,0,1002367,1
36310.535408,4,0,0,1002302,1
36311.323819,4,0,0,1002323,1
36312.376025,4,0,0,1002336,1
36320.527390,4,0,0,1002307,1
36331.155328,4,0,0,1002193,1
36334.050676,4,0,0,1002165,1
36340.505200,4,0,0,1002055,1
36344.595639,4,0,0,1002051,1
36347.800329,4,0,0,1002029,1
36352.742598,4,0,0,1002046,1
36366.903192,4,0,0,1002136,1
36374.655052,4,0,0,1002053,1
36377.180613,4,0,0,1002068,1
36378.564728,4,0,0,1002109,1
36378.577286,4,0,0,1002109,1
36380.223002,4,0,0,1002051,1
36398.735841,4,0,0,1001877,1
36401.371762,4,0,0,1001899,1
36405.084441,4,0,0,1002040,1
36405.398902,4,0,0,1002054,1
36406.132141,4,0,0,1002102,1
36426.400170,4,0,0,1001990,1
36430.067784,4,0,0,1001936,1
36431.262539,4,0,0,1001894,1
36436.171825,4,0,0,1001956,1
36442.374968,4,0,0,1002074,1
36445.727699,4,0,0,1002016,1
36447.633624,4,0,0,1002050,1
36453.756082,4,0,0,1001911,1
36454.422865,4,0,0,1001955,1
36460.516067,4,0,0,1002056,1
36463.354183,4,0,0,1002055,1
36466.828485,4,0,0,1002118,1
36471.539918,4,0,0,1002201,1
36480.924085,4,0,0,1002150,1
36482.734467,4,0,0,1002088,1
36488.427962,4,0,0,1002169,1
36489.020501,4,0,0,1002150,1
36491.779805,4,0,0,1002148,1
36497.816637,4,0,0,1002258,1
36508.364034,4,0,0,1002358,1
36512.257502,4,0,0,1002407,1
36517.053930,4,0,0,1002318,1
36520.685781,4,0,0,1002277,1
36522.713838,4,0,0,1002296,1
36531.649097,4,0,0,1002183,1
36535.730798,4,0,0,1002261,1
36537.176214,4,0,0,1002209,1
36544.800790,4,0,0,1001980,1
36553.399286,4,0,0,1002139,1
36556.282086,4,0,0,1002131,1
36561.722822,4,0,0,1002127,1
36562.190822,4,0,0,1002105,1
36568.319679,4,0,0,1002162,1
36570.280375,4,0,0,1002096,1
36570.389361,4,0,0,1002101,1
36576.226552,4,0,0,1002290,1
36580.024859,4,0,0,1002333,1
36588.446360,4,0,0,1002267,1
36589.031491,4,0,0,1002279,1
36612.892773,4,0,0,1001640,1
36614.825072,4,0,0,1001593,1
36615.512475,4,0,0,1001641,1
36615.719442,4,0,0,1001632,1
36617.568918,4,0,0,1001670,1
36618.694997,4,0,0,1001633,1
36622.777440,4,0,0,1001576,1
36637.974704,4,0,0,1001873,1
36639.142766,4,0,0,1001895,1
36641.050795,4,0,0,1001842,1
36642.529753,4,0,0,1001833,1
36644.041034,4,0,0,1001840,1
36649.594683,4,0,0,1001806,1
36660.287715,4,0,0,1001743,1
36664.483000,4,0,0,1001575,1
36666.930142,4,0,0,1001392,1
36669.581572,4,0,0,1001338,1
36673.430268,4,0,0,1001384,1
36675.172667,4,0,0,1001386,1
36676.597074,4,0,0,1001441,1
36688.102738,4,0,0,1001208,1
36691.527255,4,0,0,1001242,1
36692.136054,4,0,0,1001262,1
36696.176749,4,0,0,1001253,1
36697.551643,4,0,0,1001230,1
36697.577501,4,0,0,1001219,1
36701.635110,4,0,0,1001176,1
36703.754933,4,0,0,1001321,1
36709.250719,4,0,0,1001317,1
36713.800820,4,0,0,1001085,1
36714.712930,4,0,0,1001166,1
36716.427131,4,0,0,1001033,1
36722.441906,4,0,0,1000994,1
36725.134584,4,0,0,1000928,1
36725.826275,4,0,0,1000928,1
36726.739766,4,0,0,1000965,1
36732.922436,4,0,0,1000905,1
36737.603824,4,0,0,1001139,1
36741.478458,4,0,0,1001269,1
36741.752832,4,0,0,1001239,1
36744.103682,4,0,0,1001201,1
36746.924405,4,0,0,1001311,1
36751.120795,4,0,0,1001234,1
36756.813845,4,0,0,1001395,1
36762.862660,4,0,0,1001304,1
36767.147771,4,0,0,1001582,1
36768.656821,4,0,0,1001605,1
36771.165225,4,0,0,1001588,1
36778.308908,4,0,0,1001488,1
36781.303907,4,0,0,1001630,1
36783.777080,4,0,0,1001535,1
36792.991896,4,0,0,1001719,1
36818.411158,4,0,0,1002000,1
36821.016406,4,0,0,1001998,1
36825.823421,4,0,0,1001953,1
36837.402702,4,0,0,1002112,1
36838.204749,4,0,0,1002099,1
36839.849884,4,0,0,1002198,1
36844.830759,4,0,0,1002210,1
36845.769865,4,0,0,1002161,1
36847.340800,4,0,0,1002211,1
36860.495591,4,0,0,1002473,1
36862.303289,4,0,0,1002514,1
36862.786025,4,0,0,1002502,1
36866.092868,4,0,0,1002457,1
36866.470794,4,0,0,1002496,1
36867.852154,4,0,0,1002542,1
36882.693677,4,0,0,1002415,1
36891.499278,4,0,0,1002268,1
36892.268985,4,0,0,1002229,1
36893.619939,4,0,0,1002267,1
36893.889129,4,0,0,1002228,1
36894.954786,4,0,0,1002262,1
36902.868535,4,0,0,1002192,1
36914.645983,4,0,0,1002205,1
36919.333978,4,0,0,1002192,1
36919.760998,4,0,0,1002242,1
36923.086653,4,0,0,1002168,1
36928.349604,4,0,0,1002114,1
36928.888213,4,0,0,1002098,1
36933.060143,4,0,0,1002003,1
36939.795595,4,0,0,1001868,1
36942.124110,4,0,0,1001890,1
36950.472529,4,0,0,1001898,1
36951.361873,4,0,0,1001951,1
36952.826416,4,0,0,1002041,1
36960.639523,4,0,0,1002103,1
36966.154346,4,0,0,1002243,1
36973.435477,4,0,0,1002048,1
36974.376179,4,0,0,1002124,1
36989.033233,4,0,0,1002248,1
36989.964100,4,0,0,1002178,1
36995.670639,4,0,0,1002151,1
36997.434212,4,0,0,1002102,1
37000.835826,4,0,0,1002223,1
37012.590664,4,0,0,1002533,1
37019.779618,4,0,0,1002530,1
37026.387630,4,0,0,1002510,1
37026.949173,4,0,0,1002501,1
37038.633772,4,0,0,1002561,1
37049.789526,4,0,0,1002780,1
37069.590137,4,0,0,1002787,1
37070.163389,4,0,0,1002819,1
37072.470056,4,0,0,1002808,1
37074.006974,4,0,0,1002798,1
37083.034273,4,0,0,1002916,1
37093.999780,4,0,0,1002959,1
37097.362927,4,0,0,1002991,1
37098.558438,4,0,0,1002897,1
37098.794832,4,0,0,1002919,1
37108.968247,4,0,0,1003034,1
37123.138602,4,0,0,1002848,1
37129.855352,4,0,0,1002740,1
37138.159076,4,0,0,1002823,1
37139.939705,4,0,0,1002884,1
37140.599835,4,0,0,1002855,1
37141.107823,4,0,0,1002882,1
37146.435886,4,0,0,1002900,1
37147.167255,4,0,0,1002949,1
37159.425192,4,0,0,1002729,1
37160.767985,4,0,0,1002680,1
37167.357626,4,0,0,1002821,1
37171.871315,4,0,0,1002899,1
37173.892980,4,0,0,1002854,1
37178.661429,4,0,0,1002845,1
37178.747925,4,0,0,1002807,1
37185.659154,4,0,0,1002806,1
37186.561183,4,0,0,1002839,1
37191.091659,4,0,0,1003033,1
37191.689720,4,0,0,1003022,1
37195.728303,4,0,0,1003178,1
37202.052081,4,0,0,1002956,1
37209.664204,4,0,0,1002859,1
37210.364389,4,0,0,1002875,1
37213.461213,4,0,0,1002773,1
37215.991705,4,0,0,1002860,1
37218.426196,4,0,0,1002835,1
37226.914882,4,0,0,1002569,1
37227.908662,4,0,0,1002579,1
37234.760585,4,0,0,1002655,1
37241.122905,4,0,0,1002610,1
37243.746794,4,0,0,1002426,1
37244.451339,4,0,0,1002394,1
37250.278276,4,0,0,1002391,1
37260.219853,4,0,0,1002448,1
37261.144400,4,0,0,1002389,1
37261.742217,4,0,0,1002374,1
37262.872627,4,0,0,1002360,1
37265.673939,4,0,0,1002311,1
37268.623514,4,0,0,1002342,1
37275.384431,4,0,0,1002448,1
37276.241982,4,0,0,1002421,1
37287.227368,4,0,0,1002518,1
37290.752650,4,0,0,1002405,1
37292.318928,4,0,0,1002461,1
37292.428980,4,0,0,1002467,1
37296.643439,4,0,0,1002470,1
37297.721368,4,0,0,1002422,1
37300.505994,4,0,0,1002333,1
37315.986191,4,0,0,1002505,1
37317.067281,4,0,0,1002452,1
37319.619810,4,0,0,1002462,1
37328.492662,4,0,0,1002714,1
37328.624556,4,0,0,1002690,1
37333.939753,4,0,0,1002547,1
37336.935079,4,0,0,1002566,1
37338.941633,4,0,0,1002541,1
37342.254678,4,0,0,1002421,1
37344.959395,4,0,0,1002490,1
37348.857379,4,0,0,1002403,1
37349.404235,4,0,0,1002330,1
37351.500517,4,0,0,1002287,1
37364.202605,4,0,0,1002315,1
37367.553099,4,0,0,1002338,1
37372.456238,4,0,0,1002223,1
37375.496655,4,0,0,1002136,1
37391.936772,4,0,0,1001918,1
37392.528276,4,0,0,1001912,1
37394.591642,4,0,0,1001901,1
37400.041248,4,0,0,1001623,1
37407.398237,4,0,0,1001552,1
37409.821715,4,0,0,1001565,1
37416.274884,4,0,0,1001512,1
37418.503761,4,0,0,1001430,1
37418.994651,4,0,0,1001449,1
37419.076473,4,0,0,1001449,1
37419.806773,4,0,0,1001460,1
37440.592456,4,0,0,1001634,1
37441.611747,4,0,0,1001670,1
37441.650152,4,0,0,1001668,1
37445.667082,4,0,0,1001604,1
37448.814015,4,0,0,1001612,1
37450.504673,4,0,0,1001517,1
37463.257646,4,0,0,1001745,1
37469.041522,4,0,0,1001535,1
37471.597877,4,0,0,1001540,1
37471.712421,4,0,0,1001534,1
37477.322006,4,0,0,1001417,1
37482.664308,4,0,0,1001386,1
37484.632727,4,0,0,1001328,1
37501.779225,4,0,0,1001335,1
37513.923098,4,0,0,1001459,1
37517.260605,4,0,0,1001522,1
37526.221076,4,0,0,1001390,1
37535.354095,4,0,0,1001508,1
37537.556585,4,0,0,1001554,1
37561.273526,4,0,0,1001458,1
37563.630979,4,0,0,1001363,1
37570.466032,4,0,0,1001169,1
37573.374666,4,0,0,1001166,1
37573.957240,4,0,0,1001188,1
37577.884971,4,0,0,1001170,1
37583.754329,4,0,0,1001331,1
37588.279089,4,0,0,1001369,1
37589.976245,4,0,0,1001421,1
37600.451912,4,0,0,1001178,1
37607.978197,4,0,0,1001077,1
37610.414518,4,0,0,1001022,1
37611.953584,4,0,0,1000975,1
37620.173836,4,0,0,1000839,1
37621.669112,4,0,0,1000842,1
37623.110670,4,0,0,1000816,1
37624.602128,4,0,0,1000796,1
37629.058250,4,0,0,1000672,1
37630.593117,4,0,0,1000711,1
37639.934392,4,0,0,1000770,1
37641.528903,4,0,0,1000775,1
37655.559560,4,0,0,1000479,1
37657.934100,4,0,0,1000597,1
37663.929877,4,0,0,1000452,1
37664.855413,4,0,0,1000427,1
37665.779305,4,0,0,1000415,1
37667.232683,4,0,0,1000430,1
37668.833070,4,0,0,1000250,1
37674.092346,4,0,0,1000208,1
37689.140294,4,0,0,1000353,1
37694.318410,4,0,0,1000301,1
37698.985657,4,0,0,1000281,1
37716.866645,4,0,0,1000018,1
37718.650962,4,0,0,999993,1
37726.257310,4,0,0,999814,1
37730.878169,4,0,0,1000053,1
37735.546067,4,0,0,1000062,1
37737.930537,4,0,0,1000157,1
37756.054178,4,0,0,999970,1
37757.870360,4,0,0,999974,1
37759.354667,4,0,0,999988,1
37763.963894,4,0,0,999986,1
37764.335709,4,0,0,1000013,1
37766.754739,4,0,0,999988,1
37771.202348,4,0,0,999802,1
37775.298829,4,0,0,999767,1
37785.921588,4,0,0,999312,1
37796.824350,4,0,0,999375,1
37797.079966,4,0,0,999388,1
37803.153395,4,0,0,999412,1
37815.617358,4,0,0,999595,1
37817.304159,4,0,0,999587,1
37817.871544,4,0,0,999568,1
37827.034736,4,0,0,999647,1
37830.679196,4,0,0,999737,1
37838.416233,4,0,0,999799,1
37841.252380,4,0,0,999884,1
37852.685422,4,0,0,999963,1
37864.046862,4,0,0,999693,1
37866.816893,4,0,0,999478,1
37875.846361,4,0,0,999567,1
37883.726660,4,0,0,999765,1
37888.053696,4,0,0,999747,1
37889.937197,4,0,0,999820,1
37891.279249,4,0,0,999844,1
37897.689488,4,0,0,999976,1
37904.447456,4,0,0,1000117,1
37904.544213,4,0,0,1000102,1
37911.226576,4,0,0,1000043,1
37912.328197,4,0,0,1000083,1
37913.977341,4,0,0,1000104,1
37921.313239,4,0,0,999942,1
37925.933521,4,0,0,999935,1
37937.347113,4,0,0,1000007,1
37949.253460,4,0,0,999963,1
37950.049384,4,0,0,999970,1
37951.907455,4,0,0,999881,1
37957.358863,4,0,0,999637,1
37963.898917,4,0,0,999493,1
37965.798062,4,0,0,999487,1
37967.278700,4,0,0,999444,1
37975.271321,4,0,0,999595,1
37975.271485,4,0,0,999596,1
37985.060335,4,0,0,999889,1
37987.509396,4,0,0,999914,1
37990.814490,4,0,0,999889,1
38004.009553,4,0,0,1000170,1
38007.706757,4,0,0,1000124,1
38010.746932,4,0,0,1000106,1
38016.483822,4,0,0,1000165,1
38018.992459,4,0,0,1000198,1
38023.232524,4,0,0,1000319,1
38029.621136,4,0,0,1000426,1
38030.312644,4,0,0,1000382,1
38035.911311,4,0,0,1000352,1
38037.716434,4,0,0,1000284,1
38039.248511,4,0,0,1000350,1
38042.235781,4,0,0,1000271,1
38043.292488,4,0,0,1000197,1
38055.867246,4,0,0,1000068,1
38068.066050,4,0,0,999942,1
38072.947083,4,0,0,999814,1
38075.080630,4,0,0,999767,1
38078.222663,4,0,0,999737,1
38081.716268,4,0,0,999766,1
38082.033304,4,0,0,999759,1
38083.032303,4,0,0,999693,1
38087.571289,4,0,0,999774,1
38088.898505,4,0,0,999792,1
38089.393230,4,0,0,999813,1
38096.256333,4,0,0,999754,1
38096.981028,4,0,0,999686,1
38097.362608,4,0,0,999713,1
38110.220733,4,0,0,999719,1
38111.892039,4,0,0,999824,1
38120.157137,4,0,0,999868,1
38121.363463,4,0,0,999850,1
38126.510292,4,0,0,999834,1
38131.625028,4,0,0,999927,1
38140.789876,4,0,0,999913,1
38141.258254,4,0,0,999899,1
38144.892840,4,0,0,999825,1
38150.810762,4,0,0,999977,1
38152.375957,4,0,0,999965,1
38156.339361,4,0,0,1000003,1
38156.938285,4,0,0,1000029,1
38159.467034,4,0,0,1000106,1
38164.100869,4,0,0,1000049,1
38168.199711,4,0,0,1000091,1
38169.038814,4,0,0,1000028,1
38170.019101,4,0,0,999963,1
38172.640710,4,0,0,1000019,1
38172.864368,4,0,0,1000017,1
38185.775523,4,0,0,999618,1
38186.045778,4,0,0,999616,1
38193.737139,4,0,0,999821,1
38211.746940,4,0,0,1000015,1
38218.253966,4,0,0,999871,1
38219.707211,4,0,0,999871,1
38226.406859,4,0,0,999888,1
38229.283520,4,0,0,999946,1
38231.205210,4,0,0,999867,1
38241.063461,4,0,0,999884,1
38248.911905,4,0,0,999907,1
38250.507290,4,0,0,999885,1
38252.052251,4,0,0,999830,1
38254.869293,4,0,0,999879,1
38255.453873,4,0,0,999872,1
38257.696900,4,0,0,999893,1
38260.949121,4,0,0,999676,1
38266.364286,4,0,0,999632,1
38266.698128,4,0,0,999622,1
38267.534006,4,0,0,999597,1
38269.813804,4,0,0,999583,1
38272.841977,4,0,0,999563,1
38288.046475,4,0,0,999592,1
38298.655907,4,0,0,999791,1
38303.404034,4,0,0,999799,1
38311.293304,4,0,0,999607,1
38311.377524,4,0,0,999621,1
38313.880300,4,0,0,999596,1
38326.372442,4,0,0,999727,1
38330.590777,4,0,0,999670,1
38330.853970,4,0,0,999669,1
38335.613386,4,0,0,999555,1
38337.743836,4,0,0,999620,1
38341.165452,4,0,0,999460,1
38342.596614,4,0,0,999395,1
38343.312276,4,0,0,999394,1
38345.477426,4,0,0,999528,1
38345.969108,4,0,0,999565,1
38348.303949,4,0,0,999697,1
38360.900798,4,0,0,999521,1
38364.718017,4,0,0,999499,1
38365.888609,4,0,0,999464,1
38372.312943,4,0,0,999384,1
38378.667636,4,0,0,999452,1
38386.308679,4,0,0,999512,1
38391.771795,4,0,0,999520,1
38410.232809,4,0,0,999580,1
38411.160342,4,0,0,999635,1
38413.726298,4,0,0,999821,1
38417.000837,4,0,0,999851,1
38418.087434,4,0,0,999867,1
38420.395976,4,0,0,999819,1
38434.034954,4,0,0,999741,1
38438.209001,4,0,0,999757,1
38445.712798,4,0,0,999811,1
38447.300438,4,0,0,999840,1
38451.941515,4,0,0,999896,1
38453.173499,4,0,0,999882,1
38454.346800,4,0,0,999884,1
38470.898178,4,0,0,999724,1
38472.578362,4,0,0,999700,1
38473.801966,4,0,0,999839,1
38475.372490,4,0,0,999884,1
38475.504207,4,0,0,999886,1
38479.512239,4,0,0,999745,1
38480.364630,4,0,0,999685,1
38482.866255,4,0,0,999594,1
38489.266552,4,0,0,999761,1
38498.770876,4,0,0,999884,1
38500.008836,4,0,0,999931,1
38503.462805,4,0,0,999910,1
38503.863110,4,0,0,999905,1
38504.510207,4,0,0,999881,1
38506.813792,4,0,0,999967,1
38511.898841,4,0,0,1000033,1
38513.616136,4,0,0,999933,1
38514.040560,4,0,0,999994,1
38516.767007,4,0,0,999881,1
38520.138017,4,0,0,999797,1
38530.221610,4,0,0,999571,1
38532.062283,4,0,0,999580,1
38533.906172,4,0,0,999556,1
38534.221979,4,0,0,999551,1
38536.712713,4,0,0,999627,1
38537.684055,4,0,0,999756,1
38541.848171,4,0,0,999726,1
38544.724619,4,0,0,999795,1
38545.872628,4,0,0,999787,1
38545.953671,4,0,0,999820,1
38568.793820,4,0,0,999917,1
38586.681120,4,0,0,999883,1
38587.296114,4,0,0,999815,1
38597.298963,4,0,0,999787,1
38618.646901,4,0,0,999712,1
38620.027799,4,0,0,999639,1
38628.747256,4,0,0,999813,1
38632.276734,4,0,0,999638,1
38635.836058,4,0,0,999659,1
38636.278757,4,0,0,999677,1
38639.172383,4,0,0,999890,1
38661.849664,4,0,0,999949,1
38662.531204,4,0,0,1000021,1
38671.837886,4,0,0,1000206,1
38682.055524,4,0,0,999950,1
38682.483390,4,0,0,999978,1
38688.509192,4,0,0,1000005,1
38688.562262,4,0,0,1000039,1
38690.743428,4,0,0,1000011,1
38700.637048,4,0,0,999967,1
38710.959513,4,0,0,999785,1
38728.345068,4,0,0,999532,1
38731.267481,4,0,0,999549,1
38732.848930,4,0,0,999517,1
38736.244808,4,0,0,999509,1
38738.960448,4,0,0,999552,1
38744.181373,4,0,0,999738,1
38757.360680,4,0,0,999743,1
38760.206902,4,0,0,999846,1
38770.353150,4,0,0,999656,1
38778.352063,4,0,0,999445,1
38779.365085,4,0,0,999482,1
38784.533287,4,0,0,999529,1
38793.505946,4,0,0,999487,1
38798.560545,4,0,0,999620,1
38807.112976,4,0,0,999548,1
38810.047220,4,0,0,999520,1
38813.121644,4,0,0,999472,1
38819.944986,4,0,0,999472,1
38824.419874,4,0,0,999335,1
38834.069360,4,0,0,999316,1
38836.824543,4,0,0,999057,1
38845.576560,4,0,0,999031,1
38850.407868,4,0,0,998993,1
38852.137298,4,0,0,998971,1
38858.164002,4,0,0,999123,1
38867.324749,4,0,0,999169,1
38868.960816,4,0,0,999187,1
38869.866218,4,0,0,999105,1
38874.145637,4,0,0,999157,1
38891.271483,4,0,0,998973,1
38893.947566,4,0,0,998874,1
38894.353383,4,0,0,998925,1
38895.273769,4,0,0,998872,1
38901.734164,4,0,0,998999,1
38902.101933,4,0,0,998981,1
38904.603004,4,0,0,999071,1
38907.395650,4,0,0,998996,1
38918.938054,4,0,0,998900,1
38919.209928,4,0,0,998900,1
38919.365139,4,0,0,998918,1
38930.627368,4,0,0,998694,1
38933.669417,4,0,0,998561,1
38934.392477,4,0,0,998600,1
38941.553181,4,0,0,998582,1
38943.350168,4,0,0,998486,1
38948.193273,4,0,0,998659,1
38952.313707,4,0,0,998907,1
38953.282052,4,0,0,998822,1
38962.601154,4,0,0,998643,1
38965.244873,4,0,0,998724,1
38971.860300,4,0,0,998830,1
38984.382225,4,0,0,998549,1
38986.204334,4,0,0,998574,1
38994.339925,4,0,0,998585,1
38998.873269,4,0,0,998534,1
39000.276182,4,0,0,998492,1
39006.032900,4,0,0,998515,1
39006.695343,4,0,0,998602,1
39009.205467,4,0,0,998517,1
39009.689487,4,0,0,998525,1
39010.475554,4,0,0,998519,1
39012.207451,4,0,0,998456,1
39018.516692,4,0,0,998436,1
39019.210578,4,0,0,998386,1
39033.565277,4,0,0,998194,1
39035.880695,4,0,0,998277,1
39037.368211,4,0,0,998190,1
39038.641204,4,0,0,998219,1
39040.589727,4,0,0,998265,1
39042.228953,4,0,0,998286,1
39042.817270,4,0,0,998326,1
39043.848633,4,0,0,998322,1
39053.577605,4,0,0,998203,1
39058.434412,4,0,0,998032,1
39059.859147,4,0,0,997989,1
39070.726529,4,0,0,998061,1
39076.563700,4,0,0,998085,1
39078.732606,4,0,0,998242,1
39097.934278,4,0,0,998408,1
39099.385100,4,0,0,998306,1
39102.097577,4,0,0,998321,1
39105.516268,4,0,0,998418,1
39117.158640,4,0,0,998351,1
39120.940231,4,0,0,998303,1
39127.535258,4,0,0,998563,1
39128.138470,4,0,0,998525,1
39137.798364,4,0,0,998654,1
39154.801392,4,0,0,998634,1
39165.275338,4,0,0,998705,1
39166.388345,4,0,0,998715,1
39179.682120,4,0,0,998815,1
39181.486244,4,0,0,998799,1
39181.749560,4,0,0,998780,1
39182.013893,4,0,0,998750,1
39199.567433,4,0,0,998616,1
39202.434612,4,0,0,998704,1
39214.424274,4,0,0,998610,1
39214.601910,4,0,0,998632,1
39221.381237,4,0,0,998594,1
39222.085250,4,0,0,998556,1
39223.839352,4,0,0,998603,1
39226.685797,4,0,0,998494,1
39235.195451,4,0,0,998432,1
39245.084223,4,0,0,998358,1
39251.079360,4,0,0,998439,1
39252.952306,4,0,0,998505,1
39261.254019,4,0,0,998392,1
39262.404873,4,0,0,998339,1
39266.613493,4,0,0,998399,1
39266.756624,4,0,0,998403,1
39276.831104,4,0,0,998523,1
39281.664428,4,0,0,998366,1
39282.992433,4,0,0,998389,1
39285.096891,4,0,0,998436,1
39288.367457,4,0,0,998343,1
39295.844907,4,0,0,998512,1
39299.038497,4,0,0,998319,1
39304.208009,4,0,0,998279,1
39304.242376,4,0,0,998271,1
39305.744631,4,0,0,998373,1
39311.269656,4,0,0,998428,1
39337.283800,4,0,0,998282,1
39341.097493,4,0,0,998316,1
39342.324507,4,0,0,998426,1
39347.539080,4,0,0,998507,1
39359.057810,4,0,0,998448,1
39366.244211,4,0,0,998592,1
39366.917233,4,0,0,998545,1
39368.969964,4,0,0,998564,1
39371.139205,4,0,0,998565,1
39384.168110,4,0,0,998456,1
39386.493538,4,0,0,998380,1
39389.932810,4,0,0,998297,1
39392.099809,4,0,0,998185,1
39411.259838,4,0,0,998353,1
39412.280130,4,0,0,998289,1
39413.048768,4,0,0,998232,1
39415.065641,4,0,0,998284,1
39415.394450,4,0,0,998287,1
39421.870681,4,0,0,998256,1
39422.231976,4,0,0,998238,1
39430.124490,4,0,0,998089,1
39444.888047,4,0,0,998291,1
39448.403536,4,0,0,998256,1
39457.342889,4,0,0,998362,1
39462.247068,4,0,0,998332,1
39463.922215,4,0,0,998342,1
39471.533361,4,0,0,998323,1
39487.480047,4,0,0,998338,1
39498.016589,4,0,0,998029,1
39499.910689,4,0,0,998066,1
39503.145559,4,0,0,998166,1
39503.335486,4,0,0,998174,1
39509.093161,4,0,0,998120,1
39510.534250,4,0,0,998161,1
39513.036528,4,0,0,998097,1
39515.113129,4,0,0,998065,1
39515.595267,4,0,0,998060,1
39516.126236,4,0,0,998051,1
39522.222627,4,0,0,998157,1
39525.513946,4,0,0,998164,1
39530.584414,4,0,0,998276,1
39534.907152,4,0,0,998470,1
39537.452486,4,0,0,998350,1
39538.099269,4,0,0,998327,1
39539.256938,4,0,0,998293,1
39540.396145,4,0,0,998332,1
39547.647925,4,0,0,998353,1
39556.655240,4,0,0,998250,1
39574.820672,4,0,0,998142,1
39579.378003,4,0,0,998059,1
39583.582698,4,0,0,998095,1
39587.313233,4,0,0,998155,1
39595.766692,4,0,0,997836,1
39604.600011,4,0,0,997935,1
39606.026934,4,0,0,997874,1
39606.762264,4,0,0,997901,1
39620.611128,4,0,0,997719,1
39626.023699,4,0,0,997884,1
39634.608511,4,0,0,997672,1
39642.116714,4,0,0,997773,1
39646.045666,4,0,0,997719,1
39646.100587,4,0,0,997712,1
39647.955427,4,0,0,997778,1
39648.614549,4,0,0,997809,1
39652.172267,4,0,0,997825,1
39656.395051,4,0,0,997780,1
39657.446323,4,0,0,997789,1
39660.948831,4,0,0,997726,1
39667.951574,4,0,0,997771,1
39668.301642,4,0,0,997786,1
39670.318205,4,0,0,997672,1
39672.200828,4,0,0,997739,1
39677.140379,4,0,0,997760,1
39683.529327,4,0,0,997649,1
39685.897725,4,0,0,997725,1
39696.866535,4,0,0,997981,1
39704.796516,4,0,0,997727,1
39705.327583,4,0,0,997721,1
39705.613782,4,0,0,997737,1
39708.043014,4,0,0,997815,1
39708.125445,4,0,0,997807,1
39712.978681,4,0,0,997924,1
39718.038251,4,0,0,997831,1
39725.636384,4,0,0,997789,1
39729.910493,4,0,0,997728,1
39732.558898,4,0,0,997753,1
39734.675477,4,0,0,997800,1
39736.308297,4,0,0,997760,1
39736.460606,4,0,0,997775,1
39736.998200,4,0,0,997754,1
39740.574955,4,0,0,997596,1
39741.659111,4,0,0,997634,1
39743.209390,4,0,0,997600,1
39743.584640,4,0,0,997609,1
39747.587851,4,0,0,997603,1
39751.141266,4,0,0,997549,1
39761.657703,4,0,0,997786,1
39763.772350,4,0,0,997858,1
39768.468160,4,0,0,997731,1
39771.700737,4,0,0,997626,1
39773.520759,4,0,0,997612,1
39787.042983,4,0,0,997686,1
39790.122584,4,0,0,997757,1
39791.595471,4,0,0,997744,1
39799.977509,4,0,0,997830,1
39800.410664,4,0,0,997869,1
39801.427255,4,0,0,997860,1
39813.318084,4,0,0,998020,1
39814.273838,4,0,0,997993,1
39816.823748,4,0,0,998082,1
39826.328859,4,0,0,998086,1
39836.147846,4,0,0,997994,1
39838.389820,4,0,0,997985,1
39842.520175,4,0,0,998001,1
39854.910954,4,0,0,997866,1
39860.320220,4,0,0,998008,1
39863.728581,4,0,0,997925,1
39868.131984,4,0,0,997958,1
39868.205991,4,0,0,997975,1
39868.484903,4,0,0,997999,1
39872.753058,4,0,0,997920,1
39877.526283,4,0,0,997819,1
39881.944500,4,0,0,997914,1
39883.676624,4,0,0,997971,1
39887.512156,4,0,0,997863,1
39890.861692,4,0,0,997785,1
39892.408973,4,0,0,997760,1
39906.487875,4,0,0,997758,1
39906.958638,4,0,0,997705,1
39928.327145,4,0,0,997707,1
39928.459522,4,0,0,997706,1
39929.851913,4,0,0,997728,1
39931.005462,4,0,0,997767,1
39931.630630,4,0,0,997777,1
39933.459802,4,0,0,997689,1
39935.379659,4,0,0,997759,1
39935.687031,4,0,0,997761,1
39940.797721,4,0,0,997802,1
39940.809647,4,0,0,997807,1
39946.099865,4,0,0,997878,1
39961.098327,4,0,0,997850,1
39972.257332,4,0,0,998288,1
39987.402187,4,0,0,997894,1
39989.946168,4,0,0,997774,1
39993.284855,4,0,0,997602,1
40000.103128,4,0,0,997572,1
40002.030805,4,0,0,997518,1
40007.351637,4,0,0,997414,1
40011.826737,4,0,0,997568,1
40013.373275,4,0,0,997580,1
40014.570332,4,0,0,997619,1
40024.628200,4,0,0,997925,1
40026.827828,4,0,0,997921,1
40034.638403,4,0,0,998031,1
40035.213808,4,0,0,998020,1
40036.720665,4,0,0,998078,1
40037.010108,4,0,0,998064,1
40043.452427,4,0,0,998099,1
40044.361070,4,0,0,998167,1
40047.641549,4,0,0,998285,1
40050.565428,4,0,0,998290,1
40053.859786,4,0,0,998332,1
40054.263091,4,0,0,998334,1
40055.757134,4,0,0,998415,1
40063.985414,4,0,0,998373,1
40066.478090,4,0,0,998367,1
40077.635762,4,0,0,998744,1
40078.446862,4,0,0,998820,1
40087.198221,4,0,0,998679,1
40095.991968,4,0,0,998542,1
40099.919492,4,0,0,998603,1
40101.540651,4,0,0,998415,1
40103.107531,4,0,0,998317,1
40105.045209,4,0,0,998210,1
40107.375214,4,0,0,998143,1
40112.567695,4,0,0,998285,1
40114.336659,4,0,0,998318,1
40122.146255,4,0,0,998060,1
40122.608622,4,0,0,998091,1
40134.321956,4,0,0,997859,1
40136.112308,4,0,0,997932,1
40142.367804,4,0,0,997949,1
40145.715138,4,0,0,997885,1
40145.925963,4,0,0,997907,1
40147.571586,4,0,0,997968,1
40152.452797,4,0,0,997879,1
40168.992353,4,0,0,997815,1
40177.145074,4,0,0,997856,1
40205.082827,4,0,0,998245,1
40207.718700,4,0,0,998252,1
40212.253287,4,0,0,998302,1
40214.000793,4,0,0,998343,1
40215.389168,4,0,0,998314,1
40215.461776,4,0,0,998305,1
40216.589900,4,0,0,998252,1
40219.589969,4,0,0,998179,1
40220.665937,4,0,0,998204,1
40233.696637,4,0,0,998478,1
40234.696366,4,0,0,998461,1
40245.603540,4,0,0,998769,1
40260.804356,4,0,0,998985,1
40269.090961,4,0,0,998856,1
40272.950204,4,0,0,998897,1
40276.606202,4,0,0,998756,1
40279.102269,4,0,0,998735,1
40281.282145,4,0,0,998668,1
40287.238379,4,0,0,998745,1
40294.072851,4,0,0,998743,1
40297.924678,4,0,0,998685,1
40299.355206,4,0,0,998593,1
40299.518004,4,0,0,998570,1
40303.157664,4,0,0,998717,1
40303.601646,4,0,0,998811,1
40303.785121,4,0,0,998804,1
40308.095717,4,0,0,998711,1
40308.470058,4,0,0,998703,1
40311.283523,4,0,0,998710,1
40315.738964,4,0,0,998617,1
40317.071551,4,0,0,998622,1
40329.056334,4,0,0,998887,1
40331.680975,4,0,0,998857,1
40332.289516,4,0,0,998893,1
40334.172231,4,0,0,998780,1
40335.918078,4,0,0,998888,1
40337.759568,4,0,0,998763,1
40342.535575,4,0,0,998743,1
40342.976676,4,0,0,998768,1
40351.223606,4,0,0,998955,1
40369.089736,4,0,0,998663,1
40369.346924,4,0,0,998701,1
40377.881451,4,0,0,998718,1
40384.812427,4,0,0,998896,1
40394.232309,4,0,0,998782,1
40398.756738,4,0,0,998752,1
40399.156604,4,0,0,998748,1
40402.098290,4,0,0,998652,1
40409.459912,4,0,0,998650,1
40424.127715,4,0,0,998896,1
40426.586839,4,0,0,998911,1
40428.230819,4,0,0,998857,1
40433.786831,4,0,0,998949,1
40447.406496,4,0,0,999073,1
40451.178320,4,0,0,999162,1
40456.066247,4,0,0,999246,1
40456.709152,4,0,0,999230,1
40456.747398,4,0,0,999223,1
40460.994908,4,0,0,999253,1
40486.722632,4,0,0,999374,1
40490.237051,4,0,0,999490,1
40491.685209,4,0,0,999373,1
40493.768977,4,0,0,999450,1
40502.358076,4,0,0,999503,1
40507.643266,4,0,0,999695,1
40510.546724,4,0,0,999767,1
40516.451837,4,0,0,999709,1
40517.749507,4,0,0,999756,1
40531.687614,4,0,0,999748,1
40533.588310,4,0,0,999683,1
40547.284058,4,0,0,999718,1
40552.230755,4,0,0,999857,1
40552.700136,4,0,0,999845,1
40554.867917,4,0,0,999884,1
40555.016628,4,0,0,999877,1
40561.514797,4,0,0,999847,1
40561.825309,4,0,0,999906,1
40579.710753,4,0,0,999766,1
40581.725772,4,0,0,999939,1
40582.983049,4,0,0,999931,1
40584.844366,4,0,0,1000020,1
40592.706712,4,0,0,1000150,1
40595.009366,4,0,0,1000117,1
40604.405971,4,0,0,1000082,1
40610.493568,4,0,0,1000014,1
40611.625544,4,0,0,999988,1
40614.027978,4,0,0,999981,1
40615.160254,4,0,0,1000054,1
40623.512840,4,0,0,1000114,1
40624.758003,4,0,0,1000156,1
40626.312233,4,0,0,1000239,1
40633.000227,4,0,0,1000064,1
40638.343007,4,0,0,1000142,1
40639.311678,4,0,0,1000142,1
40651.589452,4,0,0,1000325,1
40656.090388,4,0,0,1000333,1
40660.136922,4,0,0,1000134,1
40661.355347,4,0,0,1000098,1
40662.454691,4,0,0,1000091,1
40667.810260,4,0,0,999904,1
40670.313977,4,0,0,999881,1
40674.133841,4,0,0,999818,1
40674.863122,4,0,0,999827,1
40676.927639,4,0,0,999927,1
40680.862797,4,0,0,999930,1
40687.206586,4,0,0,999934,1
40692.825057,4,0,0,1000022,1
40693.361157,4,0,0,1000034,1
40697.231388,4,0,0,999867,1
40702.400418,4,0,0,999663,1
40711.238597,4,0,0,999760,1
40713.428687,4,0,0,999741,1
40721.306029,4,0,0,999686,1
40721.307031,4,0,0,999687,1
40725.383027,4,0,0,999805,1
40726.185806,4,0,0,999831,1
40726.438401,4,0,0,999809,1
40729.728055,4,0,0,999865,1
40731.375240,4,0,0,999873,1
40732.870656,4,0,0,999966,1
40737.242661,4,0,0,1000126,1
40738.798244,4,0,0,1000107,1
40740.844378,4,0,0,1000288,1
40742.896528,4,0,0,1000289,1
40746.692587,4,0,0,1000364,1
40759.957988,4,0,0,1000609,1
40760.432400,4,0,0,1000600,1
40762.227543,4,0,0,1000590,1
40767.839297,4,0,0,1000688,1
40769.433762,4,0,0,1000702,1
40779.040345,4,0,0,1000817,1
40780.570482,4,0,0,1000828,1
40781.447572,4,0,0,1000824,1
40781.999383,4,0,0,1000812,1
40787.638168,4,0,0,1000981,1
40787.902953,4,0,0,1000987,1
40791.417824,4,0,0,1001068,1
40791.439704,4,0,0,1001064,1
40795.201083,4,0,0,1001073,1
40797.091317,4,0,0,1000961,1
40801.694522,4,0,0,1000959,1
40810.510170,4,0,0,1000866,1
40819.194838,4,0,0,1000671,1
40820.544827,4,0,0,1000633,1
40822.283002,4,0,0,1000723,1
40823.078252,4,0,0,1000804,1
40843.856326,4,0,0,1000711,1
40844.439650,4,0,0,1000665,1
40844.689182,4,0,0,1000689,1
40860.429400,4,0,0,1000553,1
40860.791793,4,0,0,1000573,1
40862.265458,4,0,0,1000576,1
40862.513038,4,0,0,1000586,1
40874.779445,4,0,0,1000744,1
40878.280597,4,0,0,1000566,1
40890.510502,4,0,0,1000504,1
40895.551044,4,0,0,1000321,1
40899.681408,4,0,0,1000189,1
40902.181792,4,0,0,1000276,1
40903.640817,4,0,0,1000293,1
40911.199274,4,0,0,1000329,1
40912.450161,4,0,0,1000300,1
40912.794353,4,0,0,1000290,1
40916.782097,4,0,0,1000271,1
40917.756194,4,0,0,1000285,1
40919.279102,4,0,0,1000233,1
40930.030976,4,0,0,1000593,1
40935.979410,4,0,0,1000445,1
40936.491863,4,0,0,1000442,1
40947.663569,4,0,0,1000139,1
40958.991115,4,0,0,1000272,1
40972.267558,4,0,0,1000323,1
40975.907087,4,0,0,1000486,1
40978.158745,4,0,0,1000506,1
40986.940829,4,0,0,1000562,1
40999.923503,4,0,0,1000136,1
41007.797988,4,0,0,1000330,1
41021.466425,4,0,0,1000002,1
41021.896759,4,0,0,999998,1
41021.973506,4,0,0,999991,1
41027.389850,4,0,0,1000065,1
41028.483721,4,0,0,1000129,1
41034.035913,4,0,0,1000059,1
41036.130621,4,0,0,1000150,1
41040.537824,4,0,0,1000233,1
41042.037935,4,0,0,1000397,1
41043.052305,4,0,0,1000500,1
41044.283856,4,0,0,1000577,1
41050.256252,4,0,0,1000611,1
41057.403312,4,0,0,1000546,1
41057.625210,4,0,0,1000519,1
41062.222872,4,0,0,1000657,1
41094.037213,4,0,0,1000432,1
41106.251946,4,0,0,1000858,1
41106.614719,4,0,0,1000837,1
41110.918525,4,0,0,1000880,1
41121.856165,4,0,0,1000855,1
41128.161979,4,0,0,1000789,1
41132.570357,4,0,0,1000724,1
41134.423191,4,0,0,1000765,1
41134.956686,4,0,0,1000767,1
41138.879524,4,0,0,1000743,1
41144.533338,4,0,0,1000679,1
41149.226463,4,0,0,1000662,1
41150.955253,4,0,0,1000615,1
41171.032305,4,0,0,1001011,1
41174.171912,4,0,0,1000953,1
41175.831632,4,0,0,1000902,1
41183.935198,4,0,0,1001023,1
41189.384861,4,0,0,1000867,1
41197.291712,4,0,0,1000971,1
41199.166790,4,0,0,1000971,1
41201.205252,4,0,0,1000868,1
41201.879246,4,0,0,1000847,1
41201.910819,4,0,0,1000851,1
41201.968901,4,0,0,1000848,1
41213.132827,4,0,0,1000726,1
41222.918573,4,0,0,1000957,1
41228.304361,4,0,0,1001170,1
41228.777385,4,0,0,1001155,1
41229.847153,4,0,0,1001227,1
41237.056276,4,0,0,1001084,1
41237.083358,4,0,0,1001083,1
41242.292247,4,0,0,1001019,1
41242.376230,4,0,0,1001028,1
41247.814774,4,0,0,1001193,1
41249.259537,4,0,0,1001267,1
41257.149320,4,0,0,1001186,1
41261.310771,4,0,0,1001192,1
41263.033320,4,0,0,1001214,1
41268.680694,4,0,0,1001234,1
41269.143341,4,0,0,1001258,1
41269.404335,4,0,0,1001268,1
41272.000710,4,0,0,1001285,1
41276.891678,4,0,0,1001305,1
41282.669044,4,0,0,1001384,1
41302.238380,4,0,0,1001674,1
41303.317187,4,0,0,1001697,1
41305.248055,4,0,0,1001627,1
41307.166429,4,0,0,1001676,1
41307.646497,4,0,0,1001613,1
41308.592508,4,0,0,1001656,1
41309.458578,4,0,0,1001669,1
41309.575041,4,0,0,1001708,1
41319.755447,4,0,0,1001896,1
41320.865279,4,0,0,1001909,1
41323.131392,4,0,0,1001914,1
41334.516544,4,0,0,1001937,1
41347.826512,4,0,0,1002106,1
41360.458536,4,0,0,1001864,1
41368.182267,4,0,0,1001899,1
41373.016549,4,0,0,1001968,1
41383.583014,4,0,0,1002224,1
41399.323572,4,0,0,1001733,1
41410.366500,4,0,0,1001722,1
41412.838273,4,0,0,1001689,1
41420.623037,4,0,0,1001573,1
41422.610858,4,0,0,1001640,1
41422.857596,4,0,0,1001613,1
41425.956477,4,0,0,1001792,1
41433.809399,4,0,0,1001691,1
41434.369947,4,0,0,1001666,1
41435.096309,4,0,0,1001670,1
41444.691387,4,0,0,1001658,1
41451.157217,4,0,0,1001819,1
41453.044539,4,0,0,1001817,1
41457.546903,4,0,0,1001716,1
41458.159229,4,0,0,1001771,1
41463.431696,4,0,0,1001838,1
41469.535860,4,0,0,1001777,1
41482.054075,4,0,0,1001636,1
41482.815795,4,0,0,1001613,1
41484.141504,4,0,0,1001614,1
41485.749734,4,0,0,1001724,1
41492.273425,4,0,0,1001628,1
41498.897943,4,0,0,1001787,1
41504.938343,4,0,0,1001824,1
41505.142724,4,0,0,1001848,1
41506.968534,4,0,0,1001857,1
41508.453149,4,0,0,1001917,1
41510.867314,4,0,0,1001924,1
41511.036490,4,0,0,1001910,1
41514.187913,4,0,0,1001948,1
41515.430397,4,0,0,1001955,1
41528.888034,4,0,0,1001951,1
41529.110958,4,0,0,1001915,1
41548.496517,4,0,0,1002104,1
41551.316643,4,0,0,1002200,1
41556.182092,4,0,0,1002304,1
41567.768299,4,0,0,1002226,1
41572.762533,4,0,0,1002097,1
41574.451291,4,0,0,1002025,1
41592.249964,4,0,0,1001882,1
41596.699784,4,0,0,1001893,1
41602.709963,4,0,0,1001700,1
41610.880830,4,0,0,1001662,1
41615.215145,4,0,0,1001601,1
41618.447113,4,0,0,1001798,1
41629.008750,4,0,0,1001885,1
41629.979312,4,0,0,1001937,1
41632.797342,4,0,0,1001883,1
41635.446399,4,0,0,1001976,1
41638.492604,4,0,0,1002111,1
41640.262934,4,0,0,1002115,1
41641.597406,4,0,0,1002219,1
41643.184442,4,0,0,1002268,1
41646.829952,4,0,0,1002358,1
41654.550092,4,0,0,1002359,1
41659.926653,4,0,0,1002469,1
41663.910623,4,0,0,1002548,1
41676.912467,4,0,0,1002518,1
41679.780703,4,0,0,1002520,1
41689.755200,4,0,0,1002307,1
41692.034074,4,0,0,1002336,1
41697.357285,4,0,0,1002340,1
41697.743496,4,0,0,1002371,1
41702.558004,4,0,0,1002356,1
41707.582423,4,0,0,1002233,1
41713.373884,4,0,0,1002338,1
41731.474153,4,0,0,1002208,1
41740.904275,4,0,0,1002189,1
41741.485815,4,0,0,1002262,1
41759.316289,4,0,0,1002090,1
41762.852406,4,0,0,1001981,1
41771.256074,4,0,0,1001634,1
41774.697452,4,0,0,1001640,1
41788.335334,4,0,0,1001756,1
41797.824893,4,0,0,1001631,1
41821.574159,4,0,0,1001008,1
41826.119841,4,0,0,1001077,1
41827.435539,4,0,0,1001061,1
41847.107961,4,0,0,1001343,1
41849.269004,4,0,0,1001307,1
41849.438349,4,0,0,1001329,1
41853.195971,4,0,0,1001320,1
41857.108129,4,0,0,1001201,1
41858.702819,4,0,0,1001229,1
41860.252233,4,0,0,1001212,1
41863.109942,4,0,0,1001207,1
41866.517470,4,0,0,1001216,1
41867.089213,4,0,0,1001242,1
41885.831975,4,0,0,1001455,1
41888.256585,4,0,0,1001347,1
41890.667789,4,0,0,1001373,1
41896.860852,4,0,0,1001303,1
41898.766385,4,0,0,1001307,1
41900.566424,4,0,0,1001297,1
41904.348483,4,0,0,1001271,1
41906.012564,4,0,0,1001255,1
41910.783218,4,0,0,1001159,1
41914.397983,4,0,0,1001002,1
41924.310424,4,0,0,1001055,1
41931.410015,4,0,0,1001090,1
41933.026826,4,0,0,1001071,1
41934.555423,4,0,0,1001146,1
41941.122389,4,0,0,1001053,1
41947.398042,4,0,0,1000841,1
41947.825568,4,0,0,1000876,1
41951.281138,4,0,0,1000884,1
41959.280546,4,0,0,1000831,1
41968.549720,4,0,0,1000892,1
41975.229526,4,0,0,1000933,1
41976.086286,4,0,0,1000936,1
41977.470641,4,0,0,1000845,1
41979.131320,4,0,0,1000872,1
41980.559255,4,0,0,1000840,1
41981.524474,4,0,0,1000868,1
41994.219408,4,0,0,1000715,1
41994.407007,4,0,0,1000709,1
42002.870568,4,0,0,1000523,1
42003.349506,4,0,0,1000475,1
42013.485352,4,0,0,1000634,1
42020.413821,4,0,0,1000454,1
42024.600149,4,0,0,1000395,1
42030.493021,4,0,0,1000378,1
42033.432970,4,0,0,1000489,1
42035.142895,4,0,0,1000523,1
42041.373044,4,0,0,1000566,1
42042.641011,4,0,0,1000535,1
42046.686373,4,0,0,1000310,1
42058.126783,4,0,0,1000312,1
42070.056872,4,0,0,1000106,1
42070.682528,4,0,0,1000122,1
42072.969282,4,0,0,1000064,1
42073.963486,4,0,0,1000057,1
42086.748643,4,0,0,1000342,1
42089.749197,4,0,0,1000330,1
42104.735769,4,0,0,1000375,1
42106.227516,4,0,0,1000350,1
42108.725024,4,0,0,1000415,1
42113.882458,4,0,0,1000219,1
42116.152390,4,0,0,1000232,1
42148.421367,4,0,0,1000160,1
42149.786593,4,0,0,1000130,1
42153.023570,4,0,0,1000286,1
42157.023299,4,0,0,1000304,1
42159.390781,4,0,0,1000271,1
42159.988431,4,0,0,1000203,1
42160.462967,4,0,0,1000218,1
42164.042045,4,0,0,1000178,1
42164.068935,4,0,0,1000182,1
42164.071689,4,0,0,1000181,1
42171.481230,4,0,0,1000274,1
42174.920383,4,0,0,1000277,1
42184.443139,4,0,0,1000270,1
42186.474057,4,0,0,1000256,1
42198.073229,4,0,0,1000271,1
42209.726277,4,0,0,1000584,1
42214.004348,4,0,0,1000657,1
42216.497384,4,0,0,1000657,1
42219.592172,4,0,0,1000687,1
42221.250212,4,0,0,1000653,1
42227.902095,4,0,0,1000829,1
42232.873877,4,0,0,1000770,1
42237.552006,4,0,0,1000722,1
42239.837987,4,0,0,1000685,1
42248.079202,4,0,0,1000430,1
42251.579254,4,0,0,1000386,1
42253.610072,4,0,0,1000346,1
42254.167080,4,0,0,1000309,1
42254.897223,4,0,0,1000282,1
42257.837967,4,0,0,1000283,1
42266.616114,4,0,0,1000327,1
42269.795617,4,0,0,1000264,1
42270.264626,4,0,0,1000252,1
42274.415370,4,0,0,1000139,1
42281.107479,4,0,0,1000028,1
42288.774794,4,0,0,999894,1
42294.984670,4,0,0,999885,1
42302.097156,4,0,0,999911,1
42302.790118,4,0,0,999904,1
42304.453923,4,0,0,999855,1
42315.288627,4,0,0,999673,1
42321.854227,4,0,0,999838,1
42324.202015,4,0,0,999835,1
42328.238153,4,0,0,999838,1
42332.785960,4,0,0,999796,1
42341.805957,4,0,0,999928,1
42346.122877,4,0,0,999901,1
42351.691964,4,0,0,1000114,1
42360.853026,4,0,0,1000018,1
42374.319985,4,0,0,999891,1
42383.214817,4,0,0,1000171,1
42384.916018,4,0,0,1000177,1
42385.428105,4,0,0,1000146,1
42388.529101,4,0,0,1000056,1
42397.090190,4,0,0,999930,1
42400.881403,4,0,0,999951,1
42410.915718,4,0,0,1000121,1
42412.307584,4,0,0,1000200,1
42413.706091,4,0,0,1000264,1
42414.177574,4,0,0,1000322,1
42415.978946,4,0,0,1000315,1
42415.984826,4,0,0,1000319,1
42418.879566,4,0,0,1000286,1
42423.805167,4,0,0,1000270,1
42427.058959,4,0,0,1000309,1
42431.601119,4,0,0,1000146,1
42436.649888,4,0,0,1000191,1
42442.651587,4,0,0,1000123,1
42444.199403,4,0,0,1000087,1
42444.622840,4,0,0,1000085,1
42445.742100,4,0,0,1000082,1
42446.655058,4,0,0,1000016,1
42446.975996,4,0,0,999975,1
42463.268641,4,0,0,1000079,1
42464.238196,4,0,0,1000103,1
42464.282067,4,0,0,1000091,1
42472.269965,4,0,0,999879,1
42475.398583,4,0,0,1000052,1
42475.524083,4,0,0,1000026,1
42483.536059,4,0,0,1000024,1
42493.073715,4,0,0,1000153,1
42498.798920,4,0,0,1000279,1
42500.896531,4,0,0,1000412,1
42505.817049,4,0,0,1000498,1
42509.137463,4,0,0,1000507,1
42523.088046,4,0,0,1000270,1
42526.704738,4,0,0,1000326,1
42536.713368,4,0,0,1000373,1
42539.544910,4,0,0,1000337,1
42541.528454,4,0,0,1000342,1
42543.047413,4,0,0,1000358,1
42543.170724,4,0,0,1000383,1
42544.365686,4,0,0,1000337,1
42561.351554,4,0,0,1000608,1
42562.671493,4,0,0,1000530,1
42565.791894,4,0,0,1000605,1
42566.285659,4,0,0,1000563,1
42568.123039,4,0,0,1000456,1
42575.849795,4,0,0,1000576,1
42579.631758,4,0,0,1000563,1
42589.891292,4,0,0,1000547,1
42598.115375,4,0,0,1000397,1
42603.501988,4,0,0,1000420,1
42613.829883,4,0,0,1000368,1
42635.880367,4,0,0,999887,1
42637.131938,4,0,0,999795,1
42639.750864,4,0,0,999796,1
42642.404036,4,0,0,999922,1
42644.313678,4,0,0,1000022,1
42655.704365,4,0,0,999884,1
42665.197746,4,0,0,1000105,1
42667.120239,4,0,0,1000148,1
42672.071917,4,0,0,1000011,1
42679.631388,4,0,0,999783,1
42688.627273,4,0,0,999593,1
42702.765174,4,0,0,999397,1
42721.918596,4,0,0,999433,1
42723.769619,4,0,0,999528,1
42729.763673,4,0,0,999742,1
42730.779542,4,0,0,999789,1
42737.990712,4,0,0,999708,1
42741.539634,4,0,0,999690,1
42755.703550,4,0,0,999567,1
42763.212366,4,0,0,999749,1
42766.037707,4,0,0,999801,1
42772.974559,4,0,0,999825,1
42776.294456,4,0,0,999838,1
42780.684389,4,0,0,999890,1
42787.023896,4,0,0,1000052,1
42791.819217,4,0,0,1000101,1
42803.041191,4,0,0,999792,1
42803.805047,4,0,0,999831,1
42805.197932,4,0,0,999851,1
42805.584462,4,0,0,999853,1
42810.047401,4,0,0,999914,1
42820.965539,4,0,0,999657,1
42825.359263,4,0,0,999577,1
42837.184674,4,0,0,999511,1
42837.348384,4,0,0,999506,1
42839.481183,4,0,0,999666,1
42843.288952,4,0,0,999728,1
42850.697386,4,0,0,999742,1
42880.781007,4,0,0,999950,1
42880.854492,4,0,0,999942,1
42882.460255,4,0,0,999846,1
42890.288774,4,0,0,1000114,1
42891.611091,4,0,0,1000066,1
42895.113634,4,0,0,1000008,1
42895.324219,4,0,0,1000050,1
42898.614762,4,0,0,1000019,1
42900.815911,4,0,0,1000025,1
42902.093261,4,0,0,1000152,1
42910.833046,4,0,0,999894,1
42911.205394,4,0,0,999890,1
42915.704555,4,0,0,999901,1
42919.895300,4,0,0,999771,1
42920.841772,4,0,0,999746,1
42923.297108,4,0,0,999714,1
42925.030579,4,0,0,999705,1
42932.525057,4,0,0,999792,1
42936.240918,4,0,0,999768,1
42950.114250,4,0,0,999526,1
42959.326492,4,0,0,999380,1
42964.425930,4,0,0,999464,1
42967.422681,4,0,0,999458,1
42969.159325,4,0,0,999397,1
42971.550543,4,0,0,999431,1
42973.736070,4,0,0,999458,1
42986.181588,4,0,0,999188,1
42998.045474,4,0,0,999303,1
43002.322117,4,0,0,999091,1
43011.403888,4,0,0,999023,1
43028.520829,4,0,0,998714,1
43039.331418,4,0,0,998942,1
43039.797970,4,0,0,998992,1
43045.794420,4,0,0,998916,1
43047.260417,4,0,0,998951,1
43047.653855,4,0,0,998913,1
43048.225672,4,0,0,998843,1
43052.974476,4,0,0,998862,1
43055.841859,4,0,0,998871,1
43060.100882,4,0,0,998971,1
43061.661864,4,0,0,998881,1
43064.903704,4,0,0,998878,1
43069.853325,4,0,0,998810,1
43080.503131,4,0,0,999028,1
43084.182089,4,0,0,998898,1
43090.462723,4,0,0,998914,1
43092.756005,4,0,0,998957,1
43096.263057,4,0,0,999041,1
43098.617389,4,0,0,999082,1
43102.847284,4,0,0,999011,1
43103.066724,4,0,0,998990,1
43105.315488,4,0,0,999036,1
43112.484904,4,0,0,999212,1
43117.426865,4,0,0,999007,1
43124.594708,4,0,0,999055,1
43126.808631,4,0,0,999120,1
43130.828564,4,0,0,999177,1
43134.340722,4,0,0,999134,1
43134.927950,4,0,0,999176,1
43145.431682,4,0,0,999029,1
43149.356431,4,0,0,998838,1
43153.603765,4,0,0,998820,1
43154.153170,4,0,0,998825,1
43160.710061,4,0,0,998890,1
43166.056083,4,0,0,998925,1
43168.082641,4,0,0,998900,1
43172.349233,4,0,0,998814,1
43175.399739,4,0,0,998815,1
43181.457005,4,0,0,999018,1
43182.182251,4,0,0,998981,1
43182.404270,4,0,0,998952,1
43184.758854,4,0,0,999054,1
43192.328116,4,0,0,998842,1
43193.422915,4,0,0,998870,1
43193.571982,4,0,0,998877,1
43198.590498,4,0,0,998838,1
43200.837268,4,0,0,998718,1
43201.091537,4,0,0,998688,1
43206.562172,4,0,0,998762,1
43209.238310,4,0,0,998786,1
43210.304170,4,0,0,998750,1
43211.720411,4,0,0,998714,1
43219.144482,4,0,0,998716,1
43219.191426,4,0,0,998710,1
43219.291606,4,0,0,998713,1
43220.298836,4,0,0,998747,1
43225.479246,4,0,0,998780,1
43246.958376,4,0,0,998742,1
43248.513252,4,0,0,998747,1
43253.518634,4,0,0,998547,1
43256.938840,4,0,0,998815,1
43269.820411,4,0,0,998789,1
43272.297718,4,0,0,998848,1
43273.579252,4,0,0,998883,1
43275.282707,4,0,0,998860,1
43287.439167,4,0,0,998712,1
43293.645597,4,0,0,998848,1
43296.035103,4,0,0,998808,1
43298.930994,4,0,0,998909,1
43304.604965,4,0,0,998793,1
43306.736028,4,0,0,998870,1
43312.329957,4,0,0,998743,1
43312.626591,4,0,0,998732,1
43314.741812,4,0,0,998821,1
43324.429374,4,0,0,998831,1
43325.175948,4,0,0,998835,1
43331.735608,4,0,0,998712,1
43336.216255,4,0,0,998579,1
43336.562244,4,0,0,998594,1
43343.871226,4,0,0,998650,1
43355.847906,4,0,0,998659,1
43356.791366,4,0,0,998684,1
43359.032328,4,0,0,998752,1
43366.479288,4,0,0,998736,1
43383.765290,4,0,0,998722,1
43388.181693,4,0,0,998801,1
43400.295696,4,0,0,998722,1
43404.959337,4,0,0,998921,1
43406.114369,4,0,0,998949,1
43406.171888,4,0,0,998966,1
43419.625728,4,0,0,998924,1
43419.934273,4,0,0,998898,1
43426.200765,4,0,0,999125,1
43437.871274,4,0,0,998894,1
43449.917382,4,0,0,998732,1
43454.679562,4,0,0,998700,1
43459.567729,4,0,0,998803,1
43459.633016,4,0,0,998811,1
43473.342623,4,0,0,998626,1
43474.240703,4,0,0,998660,1
43478.531955,4,0,0,998757,1
43485.777427,4,0,0,998851,1
43491.630096,4,0,0,998802,1
43492.824851,4,0,0,998736,1
43496.977071,4,0,0,998888,1
43498.949835,4,0,0,998850,1
43512.477929,4,0,0,998779,1
43521.565959,4,0,0,998764,1
43521.766581,4,0,0,998799,1
43529.459257,4,0,0,998870,1
43550.519327,4,0,0,998993,1
43550.922243,4,0,0,999015,1
43555.684814,4,0,0,998943,1
43559.164668,4,0,0,999097,1
43563.242584,4,0,0,999145,1
43571.614774,4,0,0,999087,1
43586.441244,4,0,0,999180,1
43592.076422,4,0,0,999025,1
43593.765010,4,0,0,999021,1
43598.876789,4,0,0,999105,1
43599.483669,4,0,0,999115,1
43599.513200,4,0,0,999125,1
43610.415879,4,0,0,998933,1
43615.855381,4,0,0,998862,1
43618.711444,4,0,0,998863,1
43622.365880,4,0,0,998789,1
43622.456131,4,0,0,998783,1
43625.607223,4,0,0,998715,1
43632.476138,4,0,0,998845,1
43634.111118,4,0,0,998797,1
43638.650882,4,0,0,998688,1
43641.422823,4,0,0,998663,1
43642.599965,4,0,0,998731,1
43643.762985,4,0,0,998740,1
43646.150203,4,0,0,998873,1
43666.841645,4,0,0,999017,1
43667.258431,4,0,0,999099,1
43667.382748,4,0,0,999093,1
43670.699866,4,0,0,999057,1
43679.056941,4,0,0,999210,1
43703.081845,4,0,0,998987,1
43704.728481,4,0,0,998986,1
43710.546598,4,0,0,998937,1
43712.746620,4,0,0,998936,1
43714.112230,4,0,0,998920,1
43723.230148,4,0,0,998892,1
43724.740097,4,0,0,998840,1
43725.574457,4,0,0,998857,1
43731.882117,4,0,0,998966,1
43735.240108,4,0,0,998998,1
43741.983402,4,0,0,999140,1
43744.105738,4,0,0,999111,1
43753.154849,4,0,0,999226,1
43757.713283,4,0,0,999319,1
43767.867786,4,0,0,999174,1
43771.805606,4,0,0,999100,1
43772.107589,4,0,0,999033,1
43776.190459,4,0,0,999051,1
43781.102295,4,0,0,999042,1
43795.339107,4,0,0,998812,1
43796.561042,4,0,0,998848,1
43799.961666,4,0,0,998877,1
43800.251156,4,0,0,998900,1
43806.761623,4,0,0,999006,1
43812.838681,4,0,0,998940,1
43818.231589,4,0,0,998820,1
43820.395808,4,0,0,998760,1
43829.481988,4,0,0,998692,1
43831.237486,4,0,0,998815,1
43832.957983,4,0,0,998677,1
43837.398954,4,0,0,998666,1
43837.679106,4,0,0,998646,1
43840.636008,4,0,0,998453,1
43841.874340,4,0,0,998466,1
43846.630877,4,0,0,998449,1
43849.644966,4,0,0,998366,1
43857.311719,4,0,0,998386,1
43862.524033,4,0,0,998240,1
43869.854988,4,0,0,998425,1
43871.915885,4,0,0,998461,1
43875.353908,4,0,0,998503,1
43882.291591,4,0,0,998453,1
43886.374352,4,0,0,998314,1
43891.659371,4,0,0,998098,1
43895.247730,4,0,0,998242,1
43905.747816,4,0,0,998474,1
43911.674200,4,0,0,998576,1
43918.259921,4,0,0,998535,1
43926.519322,4,0,0,998603,1
43927.127293,4,0,0,998585,1
43931.506790,4,0,0,998516,1
43932.552514,4,0,0,998459,1
43942.753973,4,0,0,998738,1
43946.375887,4,0,0,998759,1
43946.741876,4,0,0,998749,1
43956.048092,4,0,0,998835,1
43956.670957,4,0,0,998830,1
43959.696591,4,0,0,998870,1
43961.522268,4,0,0,998953,1
43969.962316,4,0,0,999077,1
43975.675955,4,0,0,999162,1
43978.937853,4,0,0,999124,1
43980.191991,4,0,0,999110,1
43982.081985,4,0,0,999048,1
43982.896042,4,0,0,999090,1
43982.989793,4,0,0,999095,1
43986.348038,4,0,0,999131,1
43988.577541,4,0,0,999136,1
43989.739426,4,0,0,999210,1
43996.529961,4,0,0,999118,1
44021.238784,4,0,0,999455,1
44025.953219,4,0,0,999615,1
44029.507046,4,0,0,999452,1
44032.018409,4,0,0,999551,1
44040.023877,4,0,0,999543,1
44042.802301,4,0,0,999464,1
44051.083513,4,0,0,999504,1
44053.238309,4,0,0,999609,1
44054.001480,4,0,0,999566,1
44057.111375,4,0,0,999691,1
44058.643211,4,0,0,999732,1
44070.028185,4,0,0,999548,1
44087.492503,4,0,0,999967,1
44089.532905,4,0,0,999955,1
44096.813866,4,0,0,1000109,1
44102.370645,4,0,0,1000150,1
44106.483075,4,0,0,1000090,1
44107.578066,4,0,0,1000064,1
44111.528448,4,0,0,1000121,1
44111.716838,4,0,0,1000112,1
44112.002051,4,0,0,1000093,1
44113.624181,4,0,0,999984,1
44114.140734,4,0,0,1000006,1
44116.554897,4,0,0,999879,1
44120.425533,4,0,0,1000036,1
44121.843371,4,0,0,1000069,1
44122.172639,4,0,0,1000045,1
44130.093403,4,0,0,1000420,1
44130.944402,4,0,0,1000520,1
44139.729318,4,0,0,1000775,1
44141.800204,4,0,0,1000843,1
44148.660880,4,0,0,1000884,1
44153.057729,4,0,0,1000822,1
44155.074065,4,0,0,1000888,1
44155.243404,4,0,0,1000898,1
44160.021914,4,0,0,1000864,1
44160.853037,4,0,0,1000875,1
44173.420325,4,0,0,1000644,1
44180.897377,4,0,0,1000629,1
44190.358096,4,0,0,1000774,1
44191.580490,4,0,0,1000848,1
44195.037851,4,0,0,1000810,1
44195.852212,4,0,0,1000792,1
44203.140049,4,0,0,1000829,1
44204.107664,4,0,0,1000787,1
44210.216293,4,0,0,1000690,1
44211.141717,4,0,0,1000700,1
44213.897349,4,0,0,1000738,1
44218.833523,4,0,0,1000784,1
44220.580897,4,0,0,1000829,1
44222.916894,4,0,0,1000804,1
44224.175956,4,0,0,1000865,1
44232.469215,4,0,0,1000773,1
44235.484139,4,0,0,1000523,1
44242.263762,4,0,0,1000499,1
44252.062427,4,0,0,1000453,1
44254.270404,4,0,0,1000416,1
44257.285358,4,0,0,1000437,1
44284.835161,4,0,0,1000779,1
44292.091817,4,0,0,1000907,1
44292.854664,4,0,0,1000910,1
44296.228224,4,0,0,1001046,1
44296.897815,4,0,0,1001034,1
44302.481188,4,0,0,1000983,1
44309.344931,4,0,0,1001111,1
44312.462467,4,0,0,1001217,1
44325.681565,4,0,0,1001409,1
44327.230307,4,0,0,1001381,1
44336.683912,4,0,0,1001446,1
44338.535150,4,0,0,1001429,1
44342.083438,4,0,0,1001457,1
44343.547733,4,0,0,1001509,1
44343.961613,4,0,0,1001522,1
44345.675275,4,0,0,1001542,1
44349.229613,4,0,0,1001571,1
44355.523828,4,0,0,1001453,1
44357.134940,4,0,0,1001436,1
44359.981059,4,0,0,1001535,1
44360.740914,4,0,0,1001499,1
44361.126205,4,0,0,1001525,1
44362.136779,4,0,0,1001453,1
44370.665989,4,0,0,1001411,1
44372.473794,4,0,0,1001274,1
44385.369353,4,0,0,1001064,1
44388.893101,4,0,0,1001023,1
44402.577769,4,0,0,1001058,1
44402.645883,4,0,0,1001065,1
44405.130020,4,0,0,1001160,1
44405.394047,4,0,0,1001174,1
44412.771400,4,0,0,1001291,1
44418.713721,4,0,0,1001164,1
44422.137023,4,0,0,1001019,1
44425.563958,4,0,0,1000964,1
44439.043486,4,0,0,1001071,1
44439.674101,4,0,0,1001034,1
44446.325252,4,0,0,1000943,1
44448.766461,4,0,0,1000933,1
44455.851129,4,0,0,1000729,1
44456.723075,4,0,0,1000834,1
44457.763326,4,0,0,1000885,1
44480.435411,4,0,0,1000766,1
44490.502388,4,0,0,1000940,1
44493.320205,4,0,0,1000872,1
44494.948566,4,0,0,1000994,1
44495.934073,4,0,0,1001056,1
44497.772827,4,0,0,1001083,1
44501.213962,4,0,0,1001102,1
44501.439788,4,0,0,1001048,1
44501.959799,4,0,0,1001010,1
44507.272201,4,0,0,1001063,1
44508.088689,4,0,0,1001077,1
44510.518445,4,0,0,1001199,1
44511.918462,4,0,0,1001148,1
44513.492277,4,0,0,1001145,1
44528.971912,4,0,0,1001104,1
44530.813872,4,0,0,1001145,1
44531.219084,4,0,0,1001164,1
44533.666261,4,0,0,1001050,1
44539.155255,4,0,0,1001068,1
44541.150326,4,0,0,1001081,1
44547.694925,4,0,0,1001156,1
44548.016201,4,0,0,1001133,1
44557.450082,4,0,0,1001048,1
44559.412216,4,0,0,1001064,1
44565.401887,4,0,0,1001014,1
44568.421853,4,0,0,1001031,1
44569.520787,4,0,0,1001007,1
44570.756121,4,0,0,1001062,1
44570.954722,4,0,0,1001051,1
44580.410803,4,0,0,1001247,1
44583.829503,4,0,0,1001239,1
44589.688683,4,0,0,1001224,1
44601.173725,4,0,0,1001307,1
44611.935509,4,0,0,1001269,1
44613.386007,4,0,0,1001250,1
44615.023251,4,0,0,1001267,1
44615.337308,4,0,0,1001342,1
44615.608538,4,0,0,1001402,1
44619.971970,4,0,0,1001345,1
44620.482826,4,0,0,1001321,1
44626.032003,4,0,0,1001471,1
44631.040256,4,0,0,1001536,1
44636.099686,4,0,0,1001632,1
44640.447042,4,0,0,1001806,1
44651.054667,4,0,0,1001707,1
44652.017313,4,0,0,1001648,1
44662.274819,4,0,0,1001402,1
44665.262014,4,0,0,1001329,1
44667.179009,4,0,0,1001340,1
44667.430920,4,0,0,1001346,1
44668.776130,4,0,0,1001397,1
44672.851046,4,0,0,1001432,1
44673.592529,4,0,0,1001467,1
44680.515000,4,0,0,1001389,1
44683.402918,4,0,0,1001313,1
44683.612867,4,0,0,1001296,1
44684.625436,4,0,0,1001295,1
44687.820026,4,0,0,1001381,1
44693.811675,4,0,0,1001377,1
44710.416387,4,0,0,1001725,1
44714.705438,4,0,0,1001854,1
44716.025902,4,0,0,1001848,1
44717.002166,4,0,0,1001868,1
44721.804351,4,0,0,1001934,1
44728.491958,4,0,0,1002023,1
44728.700600,4,0,0,1002053,1
44732.932972,4,0,0,1001994,1
44735.642298,4,0,0,1002004,1
44738.934778,4,0,0,1001752,1
44740.038624,4,0,0,1001736,1
44757.041451,4,0,0,1001881,1
44767.743613,4,0,0,1001822,1
44774.344651,4,0,0,1001884,1
44780.062781,4,0,0,1001891,1
44784.117654,4,0,0,1001814,1
44789.390071,4,0,0,1001944,1
44790.244681,4,0,0,1001986,1
44793.819876,4,0,0,1002039,1
44799.710077,4,0,0,1001885,1
44810.552228,4,0,0,1001930,1
44811.126357,4,0,0,1001961,1
44811.609768,4,0,0,1001940,1
44815.891985,4,0,0,1001881,1
44816.041814,4,0,0,1001866,1
44823.434404,4,0,0,1001956,1
44827.260919,4,0,0,1001897,1
44833.460841,4,0,0,1001881,1
44835.566718,4,0,0,1002060,1
44840.478620,4,0,0,1002181,1
44842.033165,4,0,0,1002220,1
44844.091296,4,0,0,1002368,1
44846.414076,4,0,0,1002464,1
44853.322079,4,0,0,1002390,1
44872.128191,4,0,0,1002520,1
44874.913280,4,0,0,1002374,1
44886.254685,4,0,0,1002277,1
44886.675406,4,0,0,1002271,1
44887.584512,4,0,0,1002316,1
44888.184092,4,0,0,1002254,1
44891.215763,4,0,0,1002226,1
44891.685989,4,0,0,1002245,1
44898.543445,4,0,0,1002235,1
44901.347968,4,0,0,1002310,1
44904.038675,4,0,0,1002258,1
44911.142083,4,0,0,1002083,1
44914.467213,4,0,0,1002111,1
44916.714462,4,0,0,1002114,1
44922.793564,4,0,0,1002168,1
44927.262727,4,0,0,1001932,1
44933.881479,4,0,0,1002059,1
44936.026143,4,0,0,1002118,1
44938.451916,4,0,0,1002022,1
44950.487305,4,0,0,1002069,1
44950.611970,4,0,0,1002039,1
44952.592149,4,0,0,1002104,1
44954.343971,4,0,0,1002102,1
44964.755869,4,0,0,1001746,1
44965.625694,4,0,0,1001825,1
44973.478179,4,0,0,1002167,1
44977.092359,4,0,0,1002088,1
44981.337423,4,0,0,1001961,1
44986.585429,4,0,0,1002034,1
44995.028657,4,0,0,1001897,1
45008.159521,4,0,0,1001803,1
45009.939307,4,0,0,1001701,1
45009.971752,4,0,0,1001699,1
45012.122994,4,0,0,1001715,1
45012.470089,4,0,0,1001701,1
45019.261653,4,0,0,1001574,1
45021.460096,4,0,0,1001743,1
45026.143667,4,0,0,1001853,1
45039.094729,4,0,0,1001553,1
45053.486500,4,0,0,1001317,1
45058.165931,4,0,0,1001199,1
45062.593668,4,0,0,1001342,1
45070.224634,4,0,0,1001393,1
45079.069926,4,0,0,1001457,1
45091.058856,4,0,0,1001607,1
45095.161648,4,0,0,1001614,1
45097.163137,4,0,0,1001727,1
45101.839786,4,0,0,1001715,1
45118.582353,4,0,0,1001790,1
45120.048447,4,0,0,1001880,1
45124.263330,4,0,0,1001646,1
45126.019406,4,0,0,1001709,1
45126.702739,4,0,0,1001735,1
45143.160543,4,0,0,1001668,1
45156.417351,4,0,0,1001630,1
45161.433160,4,0,0,1001650,1
45164.594582,4,0,0,1001598,1
45168.558687,4,0,0,1001740,1
45182.547436,4,0,0,1001743,1
45183.927663,4,0,0,1001825,1
45191.780121,4,0,0,1001616,1
45196.026724,4,0,0,1001642,1
45198.711833,4,0,0,1001671,1
45200.228316,4,0,0,1001762,1
45201.257368,4,0,0,1001696,1
45209.201773,4,0,0,1001736,1
45209.709243,4,0,0,1001755,1
45212.680793,4,0,0,1001755,1
45218.467902,4,0,0,1001621,1
45223.353068,4,0,0,1001767,1
45226.709368,4,0,0,1001819,1
45229.869819,4,0,0,1001771,1
45231.360343,4,0,0,1001728,1
45232.251276,4,0,0,1001730,1
45235.821023,4,0,0,1001763,1
45236.185762,4,0,0,1001740,1
45246.588125,4,0,0,1001717,1
45247.765548,4,0,0,1001716,1
45248.538945,4,0,0,1001585,1
45261.878895,4,0,0,1001489,1
45264.298730,4,0,0,1001549,1
45265.279261,4,0,0,1001559,1
45268.045224,4,0,0,1001429,1
45273.880480,4,0,0,1001366,1
45275.095511,4,0,0,1001442,1
45275.594795,4,0,0,1001424,1
45278.606592,4,0,0,1001526,1
45286.200626,4,0,0,1001619,1
45295.470112,4,0,0,1001741,1
45299.779513,4,0,0,1001641,1
45301.289246,4,0,0,1001627,1
45304.261067,4,0,0,1001767,1
45306.253612,4,0,0,1001796,1
45306.260744,4,0,0,1001798,1
45307.435374,4,0,0,1001840,1
45312.004254,4,0,0,1001963,1
45314.196456,4,0,0,1002021,1
45316.578689,4,0,0,1001871,1
45323.040458,4,0,0,1001757,1
45324.180915,4,0,0,1001824,1
45329.018878,4,0,0,1001654,1
45332.490584,4,0,0,1001621,1
45334.136321,4,0,0,1001633,1
45345.019144,4,0,0,1001956,1
45348.722667,4,0,0,1001972,1
45351.947284,4,0,0,1001889,1
45353.055872,4,0,0,1001926,1
45359.999300,4,0,0,1001911,1
45362.201069,4,0,0,1001850,1
45365.747155,4,0,0,1001873,1
45366.750932,4,0,0,1001845,1
45375.049446,4,0,0,1001931,1
45380.851423,4,0,0,1001760,1
45381.724798,4,0,0,1001694,1
45388.197795,4,0,0,1001753,1
45394.120153,4,0,0,1001855,1
45395.101692,4,0,0,1001860,1
45397.444673,4,0,0,1001890,1
45401.569293,4,0,0,1001982,1
45411.563254,4,0,0,1001910,1
45416.498636,4,0,0,1001685,1
45417.651005,4,0,0,1001709,1
45426.239290,4,0,0,1001539,1
45427.970382,4,0,0,1001500,1
45434.175505,4,0,0,1001639,1
45437.303305,4,0,0,1001755,1
45439.072651,4,0,0,1001872,1
45453.631839,4,0,0,1002078,1
45458.381626,4,0,0,1002297,1
45459.005873,4,0,0,1002340,1
45466.354593,4,0,0,1002318,1
45469.634784,4,0,0,1002373,1
45470.048328,4,0,0,1002369,1
45472.474627,4,0,0,1002293,1
45478.064333,4,0,0,1002248,1
45483.228219,4,0,0,1002367,1
45485.273828,4,0,0,1002426,1
45489.425604,4,0,0,1002548,1
45490.870900,4,0,0,1002508,1
45491.700713,4,0,0,1002467,1
45499.887135,4,0,0,1002516,1
45502.261952,4,0,0,1002398,1
45504.363853,4,0,0,1002384,1
45509.966910,4,0,0,1002272,1
45521.214173,4,0,0,1002321,1
45522.496297,4,0,0,1002359,1
45523.569194,4,0,0,1002347,1
45523.762196,4,0,0,1002333,1
45526.914500,4,0,0,1002428,1
45527.797358,4,0,0,1002380,1
45528.117317,4,0,0,1002420,1
45540.181358,4,0,0,1002446,1
45545.082233,4,0,0,1002278,1
45546.071865,4,0,0,1002277,1
45555.876928,4,0,0,1002253,1
45557.462564,4,0,0,1002327,1
45560.850951,4,0,0,1002269,1
45588.525536,4,0,0,1001961,1
45596.543958,4,0,0,1001957,1
45599.818646,4,0,0,1001840,1
45603.776809,4,0,0,1001805,1
45610.550966,4,0,0,1001891,1
45618.383665,4,0,0,1001972,1
45619.063960,4,0,0,1001941,1
45621.131365,4,0,0,1002071,1
45633.480232,4,0,0,1001877,1
45634.303842,4,0,0,1001858,1
45636.309285,4,0,0,1001886,1
45644.314292,4,0,0,1001870,1
45646.151196,4,0,0,1001961,1
45652.079966,4,0,0,1001931,1
45653.745801,4,0,0,1001902,1
45659.402740,4,0,0,1002099,1
45667.446006,4,0,0,1002044,1
45669.822866,4,0,0,1002092,1
45688.776533,4,0,0,1002129,1
45693.569941,4,0,0,1002103,1
45695.239647,4,0,0,1002115,1
45697.247795,4,0,0,1002174,1
45712.218824,4,0,0,1002005,1
45724.519939,4,0,0,1001874,1
45731.593616,4,0,0,1002042,1
45741.058511,4,0,0,1001741,1
45757.499910,4,0,0,1001647,1
45760.858606,4,0,0,1001615,1
45762.073624,4,0,0,1001601,1
45777.132981,4,0,0,1001527,1
45777.692140,4,0,0,1001540,1
45786.427086,4,0,0,1001574,1
45789.120731,4,0,0,1001723,1
45800.294680,4,0,0,1002010,1
45813.034666,4,0,0,1002015,1
45815.714029,4,0,0,1002016,1
45821.441641,4,0,0,1002083,1
45824.261781,4,0,0,1002137,1
45831.304145,4,0,0,1002070,1
45835.668870,4,0,0,1001944,1
45836.286351,4,0,0,1001993,1
45838.664820,4,0,0,1002027,1
45841.231750,4,0,0,1002026,1
45845.724162,4,0,0,1002210,1
45848.018467,4,0,0,1002118,1
45848.710705,4,0,0,1002073,1
45854.651943,4,0,0,1001749,1
45862.413618,4,0,0,1001962,1
45867.981737,4,0,0,1001985,1
45869.183174,4,0,0,1002015,1
45883.062355,4,0,0,1001823,1
45883.844989,4,0,0,1001833,1
45889.850876,4,0,0,1001854,1
45897.395435,4,0,0,1002106,1
45915.919995,4,0,0,1002277,1
45922.596966,4,0,0,1002343,1
45931.373659,4,0,0,1002316,1
45942.341575,4,0,0,1002121,1
45943.352073,4,0,0,1002085,1
45945.709365,4,0,0,1002084,1
45946.292690,4,0,0,1002083,1
45947.012656,4,0,0,1002036,1
45949.487777,4,0,0,1002019,1
45956.136452,4,0,0,1001834,1
45958.232876,4,0,0,1001679,1
45958.463968,4,0,0,1001698,1
45962.589419,4,0,0,1001792,1
45969.217534,4,0,0,1001842,1
45977.962742,4,0,0,1001742,1
45984.578607,4,0,0,1001445,1
45990.534416,4,0,0,1001397,1
45993.071299,4,0,0,1001341,1
45993.827675,4,0,0,1001415,1
46004.710538,4,0,0,1001482,1
46005.733900,4,0,0,1001551,1
46014.279233,4,0,0,1001634,1
46015.410385,4,0,0,1001635,1
46019.762939,4,0,0,1001578,1
46032.905744,4,0,0,1001626,1
46035.823449,4,0,0,1001613,1
46044.596409,4,0,0,1001721,1
46048.591380,4,0,0,1001732,1
46050.666483,4,0,0,1001719,1
46051.852150,4,0,0,1001713,1
46052.217043,4,0,0,1001667,1
46055.454416,4,0,0,1001653,1
46072.815759,4,0,0,1001909,1
46074.705594,4,0,0,1001934,1
46075.403003,4,0,0,1001883,1
46077.172582,4,0,0,1001979,1
46078.781370,4,0,0,1001932,1
46085.691673,4,0,0,1002098,1
46088.071442,4,0,0,1002051,1
46088.825995,4,0,0,1002067,1
46093.542208,4,0,0,1001953,1
46119.430426,4,0,0,1001959,1
46123.178902,4,0,0,1001974,1
46131.811999,4,0,0,1002102,1
46155.622165,4,0,0,1002091,1
46164.542308,4,0,0,1001914,1
46168.610025,4,0,0,1001923,1
46174.548716,4,0,0,1001833,1
46177.739993,4,0,0,1001702,1
46182.047707,4,0,0,1001711,1
46190.810179,4,0,0,1001398,1
46192.967503,4,0,0,1001456,1
46193.060286,4,0,0,1001459,1
46193.315547,4,0,0,1001482,1
46196.545512,4,0,0,1001615,1
46197.060090,4,0,0,1001595,1
46200.028157,4,0,0,1001650,1
46200.145381,4,0,0,1001636,1
46201.202257,4,0,0,1001636,1
46201.819776,4,0,0,1001566,1
46206.959893,4,0,0,1001458,1
46207.623828,4,0,0,1001411,1
46208.014358,4,0,0,1001378,1
46223.569813,4,0,0,1001506,1
46228.614811,4,0,0,1001535,1
46238.691801,4,0,0,1001645,1
46245.817967,4,0,0,1001519,1
46246.142440,4,0,0,1001483,1
46248.339184,4,0,0,1001464,1
46256.949160,4,0,0,1001493,1
46264.996044,4,0,0,1001639,1
46265.387459,4,0,0,1001633,1
46272.503324,4,0,0,1001767,1
46278.883856,4,0,0,1001515,1
46280.461484,4,0,0,1001430,1
46281.713093,4,0,0,1001429,1
46298.376143,4,0,0,1001483,1
46312.192951,4,0,0,1001467,1
46315.574347,4,0,0,1001620,1
46317.907415,4,0,0,1001659,1
46318.870062,4,0,0,1001542,1
46338.478931,4,0,0,1001539,1
46352.535287,4,0,0,1001357,1
46353.568218,4,0,0,1001306,1
46354.434810,4,0,0,1001280,1
46357.509957,4,0,0,1001320,1
46363.071233,4,0,0,1001135,1
46374.130658,4,0,0,1001326,1
46380.596279,4,0,0,1001041,1
46387.377143,4,0,0,1001233,1
46388.391028,4,0,0,1001236,1
46390.355757,4,0,0,1001270,1
46392.056498,4,0,0,1001346,1
46392.888664,4,0,0,1001362,1
46395.734811,4,0,0,1001505,1
46399.494618,4,0,0,1001604,1
46400.171759,4,0,0,1001661,1
46400.676852,4,0,0,1001653,1
46410.193185,4,0,0,1001580,1
46410.428858,4,0,0,1001542,1
46411.369801,4,0,0,1001523,1
46429.616204,4,0,0,1001717,1
46429.988707,4,0,0,1001732,1
46432.682720,4,0,0,1001816,1
46436.124299,4,0,0,1001805,1
46438.302282,4,0,0,1001851,1
46438.907123,4,0,0,1001738,1
46441.579183,4,0,0,1001844,1
46442.523958,4,0,0,1001847,1
46446.082906,4,0,0,1001754,1
46458.567202,4,0,0,1001705,1
46466.472191,4,0,0,1001635,1
46470.897266,4,0,0,1001618,1
46478.272006,4,0,0,1001499,1
46493.033379,4,0,0,1001332,1
46501.265987,4,0,0,1001391,1
46502.204590,4,0,0,1001354,1
46510.547489,4,0,0,1001027,1
46513.009875,4,0,0,1001032,1
46515.685263,4,0,0,1001018,1
46520.325926,4,0,0,1000977,1
46525.095076,4,0,0,1001131,1
46527.039920,4,0,0,1001132,1
46537.086024,4,0,0,1001007,1
46537.939585,4,0,0,1000980,1
46545.622412,4,0,0,1001001,1
46546.837615,4,0,0,1001102,1
46548.792037,4,0,0,1001093,1
46552.370115,4,0,0,1001074,1
46558.770803,4,0,0,1001211,1
46569.242408,4,0,0,1001217,1
46570.693691,4,0,0,1001220,1
46585.496185,4,0,0,1001311,1
46587.675267,4,0,0,1001321,1
46592.905952,4,0,0,1001372,1
46599.367583,4,0,0,1001404,1
46600.886209,4,0,0,1001489,1
46610.151431,4,0,0,1001648,1
46618.346102,4,0,0,1001718,1
46628.730523,4,0,0,1001769,1
46629.313725,4,0,0,1001834,1
46631.739262,4,0,0,1001890,1
46636.643886,4,0,0,1001942,1
46646.254691,4,0,0,1001786,1
46650.188116,4,0,0,1001704,1
46668.541438,4,0,0,1001404,1
46670.754178,4,0,0,1001452,1
46677.251564,4,0,0,1001612,1
46682.142877,4,0,0,1001677,1
46686.849815,4,0,0,1001596,1
46691.154124,4,0,0,1001570,1
46693.350310,4,0,0,1001439,1
46693.875731,4,0,0,1001431,1
46696.943288,4,0,0,1001594,1
46704.432353,4,0,0,1001688,1
46708.296068,4,0,0,1001821,1
46708.675519,4,0,0,1001862,1
46709.292365,4,0,0,1001856,1
46714.966982,4,0,0,1001889,1
46717.126599,4,0,0,1001911,1
46729.573974,4,0,0,1002254,1
46730.366947,4,0,0,1002246,1
46731.522572,4,0,0,1002196,1
46736.813382,4,0,0,1002324,1
46739.974344,4,0,0,1002355,1
46745.462087,4,0,0,1002532,1
46749.890781,4,0,0,1002195,1
46758.458638,4,0,0,1002246,1
46759.651851,4,0,0,1002128,1
46760.559649,4,0,0,1002124,1
46761.935424,4,0,0,1002132,1
46771.538389,4,0,0,1001927,1
46773.281069,4,0,0,1001986,1
46775.864913,4,0,0,1001889,1
46777.442259,4,0,0,1001949,1
46781.619293,4,0,0,1001755,1
46785.785546,4,0,0,1001680,1
46792.091482,4,0,0,1001754,1
46796.101521,4,0,0,1001855,1
46799.219566,4,0,0,1001862,1
46802.993208,4,0,0,1001671,1
46806.884110,4,0,0,1001666,1
46811.588056,4,0,0,1001579,1
46821.110073,4,0,0,1001685,1
46851.525937,4,0,0,1001830,1
46852.908260,4,0,0,1001833,1
46860.910804,4,0,0,1001789,1
46862.676577,4,0,0,1001783,1
46864.160619,4,0,0,1001757,1
46875.013067,4,0,0,1001514,1
46875.939881,4,0,0,1001532,1
46879.850178,4,0,0,1001501,1
46890.564874,4,0,0,1001470,1
46893.533329,4,0,0,1001622,1
46896.086566,4,0,0,1001572,1
46903.577086,4,0,0,1001706,1
46910.836877,4,0,0,1001832,1
46911.464726,4,0,0,1001872,1
46911.615608,4,0,0,1001881,1
46912.053775,4,0,0,1001838,1
46912.293063,4,0,0,1001853,1
46918.354273,4,0,0,1001887,1
46919.748897,4,0,0,1001862,1
46921.025893,4,0,0,1001923,1
46933.458784,4,0,0,1002005,1
46939.099653,4,0,0,1002170,1
46948.446787,4,0,0,1002178,1
46954.611633,4,0,0,1002045,1
46963.650741,4,0,0,1002010,1
46966.082722,4,0,0,1001892,1
46968.879763,4,0,0,1001977,1
46972.077676,4,0,0,1001782,1
46995.690984,4,0,0,1001590,1
46998.256088,4,0,0,1001640,1
46998.679888,4,0,0,1001681,1
47000.030043,4,0,0,1001578,1
47005.973693,4,0,0,1001454,1
47006.411425,4,0,0,1001438,1
47011.411130,4,0,0,1001375,1
47017.238173,4,0,0,1001371,1
47032.125401,4,0,0,1001577,1
47042.259608,4,0,0,1001789,1
47052.158376,4,0,0,1001799,1
47070.215642,4,0,0,1001487,1
47077.525580,4,0,0,1001346,1
47080.971844,4,0,0,1001284,1
47081.284725,4,0,0,1001301,1
47099.175174,4,0,0,1001348,1
47099.793444,4,0,0,1001375,1
47101.002954,4,0,0,1001387,1
47115.848937,4,0,0,1001523,1
47123.668551,4,0,0,1001384,1
47142.021717,4,0,0,1001287,1
47147.943353,4,0,0,1001192,1
47153.786493,4,0,0,1001289,1
47159.086827,4,0,0,1001361,1
47161.319453,4,0,0,1001366,1
47169.790307,4,0,0,1001348,1
47171.400071,4,0,0,1001358,1
47183.149811,4,0,0,1001061,1
47193.115045,4,0,0,1001094,1
47198.008749,4,0,0,1001123,1
47205.746895,4,0,0,1000985,1
47215.026693,4,0,0,1001001,1
47215.672907,4,0,0,1000998,1
47220.504814,4,0,0,1000882,1
47229.143570,4,0,0,1000639,1
47231.827803,4,0,0,1000760,1
47238.541052,4,0,0,1000682,1
47239.978056,4,0,0,1000649,1
47242.823103,4,0,0,1000637,1
47243.933533,4,0,0,1000685,1
47246.665001,4,0,0,1000610,1
47248.984654,4,0,0,1000641,1
47255.133569,4,0,0,1000806,1
47255.551587,4,0,0,1000855,1
47268.089928,4,0,0,1000919,1
47287.438589,4,0,0,1001006,1
47287.453712,4,0,0,1000999,1
47293.241346,4,0,0,1000784,1
47293.592053,4,0,0,1000726,1
47293.693038,4,0,0,1000733,1
47301.049447,4,0,0,1000781,1
47305.891353,4,0,0,1000721,1
47314.149855,4,0,0,1000560,1
47319.899027,4,0,0,1000364,1
47321.760289,4,0,0,1000406,1
47324.078194,4,0,0,1000315,1
47331.930468,4,0,0,1000422,1
47333.094036,4,0,0,1000458,1
47334.707181,4,0,0,1000525,1
47335.837912,4,0,0,1000510,1
47337.020615,4,0,0,1000495,1
47340.152884,4,0,0,1000551,1
47343.911558,4,0,0,1000553,1
47348.285469,4,0,0,1000618,1
47356.478235,4,0,0,1000629,1
47358.682157,4,0,0,1000626,1
47363.798967,4,0,0,1000453,1
47366.524571,4,0,0,1000506,1
47370.890978,4,0,0,1000558,1
47378.684953,4,0,0,1000681,1
47379.431433,4,0,0,1000728,1
47380.087082,4,0,0,1000763,1
47382.277214,4,0,0,1000684,1
47385.716747,4,0,0,1000712,1
47390.746400,4,0,0,1000658,1
47391.676371,4,0,0,1000660,1
47398.412902,4,0,0,1000459,1
47402.228476,4,0,0,1000438,1
47405.401076,4,0,0,1000524,1
47405.818265,4,0,0,1000537,1
47418.913211,4,0,0,1000375,1
47421.230741,4,0,0,1000305,1
47422.588578,4,0,0,1000373,1
47427.027212,4,0,0,1000479,1
47436.812148,4,0,0,1000746,1
47445.070362,4,0,0,1000599,1
47446.100522,4,0,0,1000567,1
47452.391541,4,0,0,1000449,1
47458.181245,4,0,0,1000359,1
47458.617419,4,0,0,1000405,1
47467.946911,4,0,0,1000404,1
47468.287535,4,0,0,1000413,1
47474.496692,4,0,0,1000461,1
47474.901501,4,0,0,1000461,1
47483.628834,4,0,0,1000677,1
47485.699064,4,0,0,1000724,1
47493.051382,4,0,0,1000611,1
47495.419124,4,0,0,1000596,1
47495.834387,4,0,0,1000575,1
47497.063986,4,0,0,1000462,1
47497.510147,4,0,0,1000509,1
47497.581519,4,0,0,1000501,1
47506.312859,4,0,0,1000679,1
47516.170204,4,0,0,1000601,1
47518.200107,4,0,0,1000647,1
47531.286359,4,0,0,1000735,1
47539.826015,4,0,0,1000626,1
47540.627449,4,0,0,1000641,1
47544.083630,4,0,0,1000538,1
47547.560686,4,0,0,1000640,1
47548.454501,4,0,0,1000652,1
47549.776230,4,0,0,1000620,1
47561.599240,4,0,0,1001096,1
47571.684935,4,0,0,1001024,1
47576.373436,4,0,0,1001046,1
47583.373102,4,0,0,1000975,1
47588.753128,4,0,0,1000924,1
47593.031605,4,0,0,1000995,1
47594.135302,4,0,0,1001086,1
47596.317754,4,0,0,1001092,1
47598.613044,4,0,0,1001002,1
47600.233941,4,0,0,1001053,1
47611.536464,4,0,0,1000985,1
47618.560042,4,0,0,1001047,1
47623.627614,4,0,0,1000875,1
47633.192351,4,0,0,1000837,1
47634.778020,4,0,0,1000790,1
47643.100866,4,0,0,1000560,1
47644.627387,4,0,0,1000627,1
47645.777563,4,0,0,1000603,1
47662.467725,4,0,0,1000903,1
47664.224882,4,0,0,1000854,1
47674.820414,4,0,0,1001033,1
47678.064902,4,0,0,1001053,1
47684.282711,4,0,0,1000988,1
47687.593178,4,0,0,1000936,1
47690.670176,4,0,0,1000767,1
47699.127879,4,0,0,1000711,1
47701.519082,4,0,0,1000658,1
47701.562598,4,0,0,1000651,1
47710.798785,4,0,0,1000712,1
47717.276254,4,0,0,1000703,1
47723.873389,4,0,0,1000819,1
47728.780745,4,0,0,1000866,1
47733.542500,4,0,0,1000871,1
47733.811991,4,0,0,1000875,1
47737.050746,4,0,0,1000661,1
47739.707692,4,0,0,1000530,1
47741.768874,4,0,0,1000574,1
47752.435770,4,0,0,1000650,1
47756.681892,4,0,0,1000834,1
47771.670405,4,0,0,1000712,1
47782.922961,4,0,0,1000527,1
47798.972093,4,0,0,1000362,1
47805.840574,4,0,0,1000313,1
47807.807526,4,0,0,1000338,1
47813.546055,4,0,0,1000204,1
47821.483757,4,0,0,1000289,1
47825.727490,4,0,0,1000423,1
47826.655268,4,0,0,1000396,1
47828.193388,4,0,0,1000296,1
47836.264142,4,0,0,1000452,1
47836.752206,4,0,0,1000340,1
47844.448212,4,0,0,1000533,1
47845.324222,4,0,0,1000620,1
47846.883910,4,0,0,1000709,1
47863.174546,4,0,0,1000698,1
47871.007942,4,0,0,1001078,1
47872.374634,4,0,0,1001049,1
47880.588730,4,0,0,1001204,1
47885.032857,4,0,0,1001207,1
47888.313177,4,0,0,1001181,1
47893.506545,4,0,0,1001221,1
47900.764343,4,0,0,1001401,1
47904.667312,4,0,0,1001318,1
47908.966390,4,0,0,1001229,1
47917.633932,4,0,0,1001383,1
47919.066601,4,0,0,1001283,1
47921.801754,4,0,0,1001265,1
47923.380449,4,0,0,1001253,1
47933.678349,4,0,0,1001090,1
47936.352299,4,0,0,1001108,1
47939.259417,4,0,0,1001104,1
47940.596491,4,0,0,1001100,1
47943.804921,4,0,0,1001025,1
47959.605315,4,0,0,1001180,1
47961.320948,4,0,0,1001322,1
47969.235263,4,0,0,1001511,1
47973.466421,4,0,0,1001305,1
47974.444995,4,0,0,1001361,1
47990.545200,4,0,0,1001574,1
47994.496865,4,0,0,1001512,1
48014.270287,4,0,0,1001166,1
48025.654426,4,0,0,1001090,1
48029.460803,4,0,0,1001098,1
48031.879179,4,0,0,1001118,1
48042.654583,4,0,0,1001088,1
48042.661986,4,0,0,1001079,1
48044.093192,4,0,0,1001107,1
48049.336874,4,0,0,1000932,1
48050.824091,4,0,0,1000998,1
48054.608487,4,0,0,1000901,1
48057.918279,4,0,0,1000951,1
48068.800910,4,0,0,1000909,1
48072.590134,4,0,0,1000812,1
48075.367062,4,0,0,1000703,1
48085.517040,4,0,0,1000598,1
48085.675761,4,0,0,1000636,1
48088.736847,4,0,0,1000596,1
48092.945065,4,0,0,1000566,1
48098.033516,4,0,0,1000459,1
48099.277900,4,0,0,1000480,1
48101.142753,4,0,0,1000474,1
48101.933531,4,0,0,1000439,1
48104.826037,4,0,0,1000395,1
48106.029639,4,0,0,1000449,1
48106.465144,4,0,0,1000498,1
48112.610015,4,0,0,1000429,1
48116.971456,4,0,0,1000362,1
48119.916905,4,0,0,1000236,1
48121.855485,4,0,0,1000294,1
48126.349849,4,0,0,1000200,1
48127.158980,4,0,0,1000159,1
48127.252974,4,0,0,1000157,1
48140.000243,4,0,0,999892,1
48147.838150,4,0,0,1000158,1
48149.705920,4,0,0,1000164,1
48151.434310,4,0,0,1000141,1
48155.608518,4,0,0,1000229,1
48162.952783,4,0,0,1000062,1
48171.717392,4,0,0,1000034,1
48177.091607,4,0,0,1000039,1
48183.874180,4,0,0,999882,1
48187.349184,4,0,0,999792,1
48203.899897,4,0,0,1000037,1
48206.486413,4,0,0,999921,1
48209.203527,4,0,0,999843,1
48212.965108,4,0,0,999690,1
48218.608286,4,0,0,999832,1
48226.281575,4,0,0,999911,1
48234.281748,4,0,0,999711,1
48252.443074,4,0,0,999731,1
48280.337510,4,0,0,999282,1
48289.227594,4,0,0,999288,1
48290.664809,4,0,0,999319,1
48291.034002,4,0,0,999345,1
48291.401414,4,0,0,999370,1
48296.655792,4,0,0,999197,1
48307.641118,4,0,0,999406,1
48320.571504,4,0,0,999576,1
48324.043852,4,0,0,999661,1
48331.595121,4,0,0,999733,1
48333.828830,4,0,0,999696,1
48338.523210,4,0,0,999586,1
48348.633332,4,0,0,999567,1
48355.900209,4,0,0,999570,1
48358.165266,4,0,0,999591,1
48363.087078,4,0,0,999637,1
48373.457043,4,0,0,999711,1
48379.824032,4,0,0,999922,1
48380.467489,4,0,0,999903,1
48383.896894,4,0,0,1000034,1
48384.328640,4,0,0,1000020,1
48392.157763,4,0,0,999793,1
48396.727283,4,0,0,999745,1
48403.611145,4,0,0,999623,1
48404.473529,4,0,0,999648,1
48405.855367,4,0,0,999699,1
48423.827463,4,0,0,999604,1
48427.900503,4,0,0,999516,1
48430.731910,4,0,0,999595,1
48431.063209,4,0,0,999588,1
48433.879682,4,0,0,999590,1
48437.195696,4,0,0,999685,1
48446.210965,4,0,0,1000017,1
48447.876208,4,0,0,1000057,1
48449.107156,4,0,0,1000015,1
48452.791496,4,0,0,999981,1
48459.866347,4,0,0,999941,1
48462.337691,4,0,0,999983,1
48463.464422,4,0,0,1000033,1
48463.772090,4,0,0,1000022,1
48471.525972,4,0,0,1000186,1
48473.779780,4,0,0,1000214,1
48481.045654,4,0,0,1000114,1
48487.414194,4,0,0,1000154,1
48500.186703,4,0,0,999814,1
48500.847423,4,0,0,999829,1
48503.406974,4,0,0,999736,1
48503.961214,4,0,0,999788,1
48517.902751,4,0,0,999915,1
48518.443863,4,0,0,999935,1
48522.377258,4,0,0,999889,1
48528.702401,4,0,0,999830,1
48528.975857,4,0,0,999821,1
48529.850504,4,0,0,999772,1
48544.435921,4,0,0,1000159,1
48553.766915,4,0,0,1000164,1
48561.952909,4,0,0,1000273,1
48568.177899,4,0,0,1000411,1
48573.444879,4,0,0,1000134,1
48580.008355,4,0,0,1000032,1
48580.055076,4,0,0,1000037,1
48588.473158,4,0,0,1000372,1
48591.174051,4,0,0,1000369,1
48593.212293,4,0,0,1000386,1
48595.319334,4,0,0,1000340,1
48599.973885,4,0,0,1000344,1
48606.750610,4,0,0,1000532,1
48607.217394,4,0,0,1000508,1
48610.699579,4,0,0,1000660,1
48616.116677,4,0,0,1000646,1
48622.350823,4,0,0,1000502,1
48623.532063,4,0,0,1000458,1
48623.902612,4,0,0,1000536,1
48626.885797,4,0,0,1000719,1
48627.366559,4,0,0,1000711,1
48633.246125,4,0,0,1000689,1
48634.593573,4,0,0,1000624,1
48639.232217,4,0,0,1000667,1
48643.578921,4,0,0,1000614,1
48644.835213,4,0,0,1000536,1
48648.690230,4,0,0,1000523,1
48660.031958,4,0,0,1000343,1
48668.779980,4,0,0,1000219,1
48689.143622,4,0,0,999966,1
48698.163525,4,0,0,999765,1
48703.305397,4,0,0,999794,1
48711.367810,4,0,0,1000019,1
48724.256676,4,0,0,999836,1
48726.127572,4,0,0,999866,1
48729.119055,4,0,0,999885,1
48730.058171,4,0,0,999869,1
48734.860673,4,0,0,999854,1
48742.459427,4,0,0,999886,1
48744.541104,4,0,0,999854,1
48749.098216,4,0,0,999873,1
48753.310574,4,0,0,999914,1
48757.789559,4,0,0,999956,1
48761.718695,4,0,0,999814,1
48795.988199,4,0,0,999602,1
48796.084208,4,0,0,999617,1
48796.141418,4,0,0,999613,1
48796.442325,4,0,0,999597,1
48799.437831,4,0,0,999654,1
48809.006671,4,0,0,999474,1
48811.643079,4,0,0,999503,1
48825.194420,4,0,0,999533,1
48827.412917,4,0,0,999481,1
48828.086274,4,0,0,999549,1
48833.690351,4,0,0,999566,1
48840.123324,4,0,0,999653,1
48842.266069,4,0,0,999625,1
48849.427051,4,0,0,999754,1
48854.690731,4,0,0,999827,1
48855.425806,4,0,0,999794,1
48858.453953,4,0,0,999799,1
48859.619028,4,0,0,999821,1
48859.645399,4,0,0,999820,1
48864.963385,4,0,0,999834,1
48870.006639,4,0,0,999688,1
48870.692539,4,0,0,999720,1
48872.968537,4,0,0,999802,1
48885.154739,4,0,0,999653,1
48892.571293,4,0,0,999706,1
48894.523482,4,0,0,999773,1
48900.136840,4,0,0,999828,1
48902.310174,4,0,0,999752,1
48902.819060,4,0,0,999717,1
48903.395248,4,0,0,999683,1
48904.548068,4,0,0,999782,1
48908.318191,4,0,0,999844,1
48908.325847,4,0,0,999842,1
48911.904185,4,0,0,999905,1
48914.042414,4,0,0,999833,1
48921.443706,4,0,0,999838,1
48924.859726,4,0,0,999832,1
48925.487636,4,0,0,999823,1
48928.107353,4,0,0,999694,1
48929.069711,4,0,0,999601,1
48935.986292,4,0,0,999859,1
48943.646246,4,0,0,999754,1
48948.997732,4,0,0,999918,1
48951.682612,4,0,0,999830,1
48953.898284,4,0,0,999850,1
48954.701300,4,0,0,999851,1
48957.409165,4,0,0,999853,1
48974.662194,4,0,0,1000090,1
48977.568478,4,0,0,999973,1
48985.476807,4,0,0,999994,1
48991.652857,4,0,0,1000208,1
48994.460170,4,0,0,999982,1
49005.077766,4,0,0,1000180,1
49006.818463,4,0,0,1000161,1
49007.975778,4,0,0,1000101,1
49018.772047,4,0,0,1000129,1
49029.769921,4,0,0,999861,1
49034.148137,4,0,0,999702,1
49056.820690,4,0,0,999827,1
49061.782213,4,0,0,999763,1
49063.163664,4,0,0,999720,1
49064.301252,4,0,0,999716,1
49066.681364,4,0,0,999771,1
49070.770067,4,0,0,999894,1
49071.870089,4,0,0,999917,1
49072.565494,4,0,0,999875,1
49073.134504,4,0,0,999925,1
49074.299064,4,0,0,999844,1
49081.812905,4,0,0,1000054,1
49091.736143,4,0,0,999966,1
49092.524412,4,0,0,999894,1
49102.083227,4,0,0,1000057,1
49106.086493,4,0,0,1000014,1
49110.113896,4,0,0,1000095,1
49115.980080,4,0,0,1000343,1
49130.664937,4,0,0,1000499,1
49138.339746,4,0,0,1000603,1
49145.471669,4,0,0,1000639,1
49146.439212,4,0,0,1000624,1
49148.713168,4,0,0,1000549,1
49153.260446,4,0,0,1000544,1
49160.926982,4,0,0,1000570,1
49167.113733,4,0,0,1000443,1
49170.452254,4,0,0,1000489,1
49170.590390,4,0,0,1000484,1
49177.551095,4,0,0,1000679,1
49182.219752,4,0,0,1000893,1
49182.262686,4,0,0,1000881,1
49184.132655,4,0,0,1000829,1
49185.855617,4,0,0,1000817,1
49189.418202,4,0,0,1000700,1
49192.346143,4,0,0,1000725,1
49204.374607,4,0,0,1000434,1
49209.761716,4,0,0,1000405,1
49210.143938,4,0,0,1000453,1
49225.920926,4,0,0,1000277,1
49230.198411,4,0,0,1000279,1
49230.797073,4,0,0,1000320,1
49236.575823,4,0,0,1000304,1
49240.117921,4,0,0,1000336,1
49245.942796,4,0,0,1000031,1
49254.082148,4,0,0,999891,1
49254.776348,4,0,0,999864,1
49257.745732,4,0,0,999878,1
49258.866566,4,0,0,999885,1
49259.091182,4,0,0,999864,1
49262.543365,4,0,0,999833,1
49262.822848,4,0,0,999779,1
49263.495364,4,0,0,999739,1
49266.789598,4,0,0,999636,1
49267.826716,4,0,0,999636,1
49270.778492,4,0,0,999546,1
49274.578565,4,0,0,999456,1
49276.772624,4,0,0,999445,1
49276.985155,4,0,0,999484,1
49277.002612,4,0,0,999479,1
49282.116745,4,0,0,999506,1
49291.020461,4,0,0,999559,1
49293.300760,4,0,0,999491,1
49296.306642,4,0,0,999611,1
49296.904482,4,0,0,999708,1
49298.608855,4,0,0,999735,1
49302.516769,4,0,0,999660,1
49308.602199,4,0,0,999569,1
49313.171802,4,0,0,999644,1
49319.969357,4,0,0,999567,1
49331.667256,4,0,0,999418,1
49349.746205,4,0,0,999080,1
49349.902811,4,0,0,999056,1
49353.485231,4,0,0,998990,1
49355.316641,4,0,0,998931,1
49369.615955,4,0,0,998720,1
49373.702453,4,0,0,998696,1
49385.783195,4,0,0,998794,1
49386.204435,4,0,0,998820,1
49386.252532,4,0,0,998808,1
49412.070735,4,0,0,999002,1
49421.848213,4,0,0,999040,1
49427.997152,4,0,0,998931,1
49443.566420,4,0,0,998933,1
49444.792583,4,0,0,998923,1
49445.224538,4,0,0,998942,1
49448.306712,4,0,0,998893,1
49449.480072,4,0,0,998857,1
49453.757595,4,0,0,998663,1
49461.465304,4,0,0,998710,1
49466.576208,4,0,0,998631,1
49468.784714,4,0,0,998609,1
49475.430222,4,0,0,998411,1
49477.592262,4,0,0,998480,1
49484.119605,4,0,0,998421,1
49484.781552,4,0,0,998355,1
49488.568687,4,0,0,998396,1
49489.153524,4,0,0,998440,1
49499.746379,4,0,0,998525,1
49503.917287,4,0,0,998452,1
49511.676648,4,0,0,998521,1
49511.796271,4,0,0,998487,1
49511.982093,4,0,0,998492,1
49513.200974,4,0,0,998504,1
49513.897805,4,0,0,998617,1
49517.392359,4,0,0,998671,1
49517.710685,4,0,0,998668,1
49521.821741,4,0,0,998542,1
49521.954402,4,0,0,998524,1
49529.654402,4,0,0,998474,1
49533.211297,4,0,0,998612,1
49534.302294,4,0,0,998669,1
49549.056034,4,0,0,998568,1
49549.148756,4,0,0,998565,1
49553.001042,4,0,0,998580,1
49555.164467,4,0,0,998655,1
49565.803522,4,0,0,998659,1
49570.168387,4,0,0,998712,1
49572.703837,4,0,0,998686,1
49579.295546,4,0,0,998678,1
49579.839085,4,0,0,998656,1
49591.378947,4,0,0,998429,1
49592.482591,4,0,0,998402,1
49599.017468,4,0,0,998415,1
49600.531893,4,0,0,998457,1
49603.852948,4,0,0,998360,1
49605.366813,4,0,0,998462,1
49607.210174,4,0,0,998459,1
49607.228615,4,0,0,998455,1
49609.455036,4,0,0,998439,1
49614.977982,4,0,0,998603,1
49616.183107,4,0,0,998517,1
49627.044072,4,0,0,998529,1
49632.135567,4,0,0,998614,1
49633.678379,4,0,0,998775,1
49635.659492,4,0,0,998822,1
49644.705554,4,0,0,998727,1
49645.548536,4,0,0,998713,1
49648.246707,4,0,0,998532,1
49657.802159,4,0,0,998421,1
49660.027146,4,0,0,998535,1
49664.051200,4,0,0,998559,1
49667.363676,4,0,0,998526,1
49668.311343,4,0,0,998559,1
49668.966260,4,0,0,998545,1
49678.736703,4,0,0,998643,1
49687.194042,4,0,0,998548,1
49697.624136,4,0,0,998389,1
49700.505604,4,0,0,998333,1
49720.486449,4,0,0,998148,1
49724.495629,4,0,0,998245,1
49730.530345,4,0,0,998331,1
49733.870535,4,0,0,998392,1
49736.118853,4,0,0,998335,1
49737.604792,4,0,0,998406,1
49739.219762,4,0,0,998395,1
49746.734638,4,0,0,998442,1
49747.642171,4,0,0,998544,1
49752.247373,4,0,0,998547,1
49754.283437,4,0,0,998633,1
49755.121127,4,0,0,998670,1
49755.389887,4,0,0,998686,1
49759.172850,4,0,0,998806,1
49761.869024,4,0,0,998846,1
49777.934141,4,0,0,998763,1
49781.854975,4,0,0,998608,1
49782.393059,4,0,0,998590,1
49798.428432,4,0,0,998555,1
49802.818471,4,0,0,998643,1
49811.157861,4,0,0,998751,1
49819.847558,4,0,0,998741,1
49820.344306,4,0,0,998800,1
49824.657617,4,0,0,998686,1
49829.739964,4,0,0,998796,1
49830.109629,4,0,0,998817,1
49837.748024,4,0,0,999004,1
49840.637876,4,0,0,998999,1
49848.289537,4,0,0,998990,1
49849.632783,4,0,0,999034,1
49852.319468,4,0,0,998981,1
49852.921372,4,0,0,999022,1
49853.639050,4,0,0,998952,1
49862.804561,4,0,0,998922,1
49864.940639,4,0,0,998922,1
49873.017090,4,0,0,999178,1
49878.176777,4,0,0,999363,1
49891.963153,4,0,0,999277,1
49894.724151,4,0,0,999211,1
49900.532649,4,0,0,999039,1
49931.423327,4,0,0,999222,1
49934.898883,4,0,0,999098,1
49937.877019,4,0,0,999089,1
49938.405997,4,0,0,999101,1
49942.043269,4,0,0,999144,1
49942.416907,4,0,0,999201,1
49944.120592,4,0,0,999164,1
49944.550083,4,0,0,999167,1
49947.319319,4,0,0,999127,1
49948.064823,4,0,0,999133,1
49966.343173,4,0,0,999512,1
49966.449478,4,0,0,999511,1
49971.686288,4,0,0,999574,1
49977.364103,4,0,0,999658,1
49978.132283,4,0,0,999654,1
49980.426645,4,0,0,999720,1
49983.370429,4,0,0,999711,1
49983.606209,4,0,0,999706,1
49989.451405,4,0,0,999599,1
49996.743958,4,0,0,999597,1
49999.431587,4,0,0,999525,1
49999.763888,4,0,0,999470,1
50003.304015,4,0,0,999371,1
50008.074019,4,0,0,999205,1
50008.391709,4,0,0,999162,1
50011.591388,4,0,0,999138,1
50017.541828,4,0,0,999098,1
50026.864228,4,0,0,998977,1
50029.636462,4,0,0,998904,1
50037.352221,4,0,0,998985,1
50048.261549,4,0,0,999119,1
50052.918720,4,0,0,999193,1
50067.019954,4,0,0,999209,1
50073.355428,4,0,0,999263,1
50084.282952,4,0,0,999082,1
50089.183964,4,0,0,999104,1
50094.620419,4,0,0,999126,1
50101.364627,4,0,0,999229,1
50111.095217,4,0,0,999407,1
50115.297050,4,0,0,999225,1
50120.913306,4,0,0,999229,1
50121.813606,4,0,0,999185,1
50127.212870,4,0,0,999319,1
50128.677908,4,0,0,999319,1
50130.815291,4,0,0,999388,1
50137.658186,4,0,0,999526,1
50142.465298,4,0,0,999531,1
50156.642551,4,0,0,999419,1
50157.506928,4,0,0,999460,1
50158.560252,4,0,0,999426,1
50165.457058,4,0,0,999236,1
50170.385558,4,0,0,999269,1
50199.910272,4,0,0,999540,1
50201.417482,4,0,0,999530,1
50204.464304,4,0,0,999400,1
50204.751427,4,0,0,999388,1
50220.440865,4,0,0,999435,1
50226.216104,4,0,0,999485,1
50229.302900,4,0,0,999471,1
50229.955947,4,0,0,999479,1
50240.206123,4,0,0,999299,1
50246.605491,4,0,0,999130,1
50251.287183,4,0,0,998926,1
50254.304807,4,0,0,998919,1
50262.538779,4,0,0,998864,1
50271.389783,4,0,0,998879,1
50279.774336,4,0,0,999052,1
50282.957075,4,0,0,998997,1
50288.397381,4,0,0,998953,1
50294.627947,4,0,0,998868,1
50296.486880,4,0,0,998804,1
50303.184049,4,0,0,998722,1
50307.153808,4,0,0,998662,1
50310.517599,4,0,0,998488,1
50313.464293,4,0,0,998480,1
50314.440588,4,0,0,998391,1
50329.517222,4,0,0,998220,1
50330.183467,4,0,0,998198,1
50330.876960,4,0,0,998196,1
50334.147868,4,0,0,998165,1
50336.151924,4,0,0,998074,1
50337.043200,4,0,0,998095,1
50340.804236,4,0,0,998297,1
50342.345018,4,0,0,998332,1
50347.723932,4,0,0,998374,1
50349.808997,4,0,0,998398,1
50353.924781,4,0,0,998371,1
50360.917506,4,0,0,998374,1
50362.003845,4,0,0,998278,1
50362.051002,4,0,0,998289,1
50362.720189,4,0,0,998278,1
50366.450000,4,0,0,998136,1
50376.467223,4,0,0,998046,1
50379.760086,4,0,0,998148,1
50381.490844,4,0,0,998127,1
50391.094464,4,0,0,998154,1
50391.198029,4,0,0,998159,1
50391.840628,4,0,0,998192,1
50421.138313,4,0,0,998114,1
50423.068397,4,0,0,998122,1
50423.074245,4,0,0,998121,1
50429.936949,4,0,0,998120,1
50431.176018,4,0,0,998093,1
50434.920963,4,0,0,998107,1
50449.348057,4,0,0,997739,1
50451.684157,4,0,0,997598,1
50451.790938,4,0,0,997602,1
50451.991745,4,0,0,997616,1
50453.549605,4,0,0,997589,1
50454.747469,4,0,0,997649,1
50457.371615,4,0,0,997628,1
50463.224811,4,0,0,997635,1
50480.251189,4,0,0,997761,1
50481.488901,4,0,0,997905,1
50491.854430,4,0,0,997807,1
50497.986269,4,0,0,997499,1
50501.132208,4,0,0,997554,1
50508.892671,4,0,0,997407,1
50510.754166,4,0,0,997446,1
50516.801770,4,0,0,997584,1
50522.719901,4,0,0,997702,1
50523.802813,4,0,0,997729,1
50528.286874,4,0,0,997720,1
50534.291007,4,0,0,997812,1
50544.901041,4,0,0,997726,1
50553.443238,4,0,0,997649,1
50555.719489,4,0,0,997733,1
50562.539505,4,0,0,997820,1
50566.872525,4,0,0,997968,1
50567.475736,4,0,0,997953,1
50571.241291,4,0,0,998042,1
50571.790786,4,0,0,998008,1
50583.473044,4,0,0,998075,1
50584.628703,4,0,0,998183,1
50587.635230,4,0,0,998164,1
50590.012497,4,0,0,998152,1
50593.858612,4,0,0,998105,1
50600.852570,4,0,0,998059,1
50601.978217,4,0,0,998021,1
50610.050083,4,0,0,997960,1
50610.440828,4,0,0,997990,1
50611.704495,4,0,0,997917,1
50611.808250,4,0,0,997916,1
50612.011936,4,0,0,997909,1
50612.499044,4,0,0,997923,1
50614.727636,4,0,0,997942,1
50619.012155,4,0,0,997995,1
50658.807845,4,0,0,997658,1
50663.268960,4,0,0,997654,1
50665.244139,4,0,0,997665,1
50666.107697,4,0,0,997678,1
50669.417736,4,0,0,997545,1
50669.586031,4,0,0,997540,1
50674.959153,4,0,0,997591,1
50679.865190,4,0,0,997548,1
50680.908673,4,0,0,997497,1
50684.481509,4,0,0,997463,1
50691.324369,4,0,0,997406,1
50691.612902,4,0,0,997433,1
50693.402494,4,0,0,997468,1
50694.492258,4,0,0,997451,1
50700.155215,4,0,0,997665,1
50711.416990,4,0,0,997662,1
50716.166787,4,0,0,997822,1
50728.122368,4,0,0,998095,1
50729.379245,4,0,0,998079,1
50735.382284,4,0,0,997963,1
50736.048989,4,0,0,998018,1
50737.794630,4,0,0,997974,1
50744.107853,4,0,0,997887,1
50751.710881,4,0,0,997952,1
50752.492393,4,0,0,997985,1
50761.736230,4,0,0,998073,1
50763.170940,4,0,0,998084,1
50766.725522,4,0,0,998141,1
50776.343763,4,0,0,998083,1
50784.385803,4,0,0,998120,1
50788.268193,4,0,0,998072,1
50788.822905,4,0,0,998025,1
50805.164729,4,0,0,998178,1
50813.253718,4,0,0,998253,1
50813.858850,4,0,0,998239,1
50816.914155,4,0,0,998315,1
50825.125542,4,0,0,998446,1
50825.248590,4,0,0,998440,1
50829.623605,4,0,0,998478,1
50831.992574,4,0,0,998553,1
50833.107105,4,0,0,998625,1
50834.113693,4,0,0,998625,1
50845.121887,4,0,0,998767,1
50847.940835,4,0,0,998878,1
50853.164876,4,0,0,998785,1
50853.914414,4,0,0,998781,1
50858.700999,4,0,0,998932,1
50863.290817,4,0,0,998929,1
50872.069771,4,0,0,998887,1
50879.946785,4,0,0,998889,1
50882.070999,4,0,0,998793,1
50884.588252,4,0,0,998872,1
50897.405525,4,0,0,998616,1
50911.947203,4,0,0,998540,1
50915.682895,4,0,0,998563,1
50917.574910,4,0,0,998763,1
50918.247722,4,0,0,998710,1
50925.039369,4,0,0,998964,1
50939.205201,4,0,0,999067,1
50939.291584,4,0,0,999076,1
50941.294374,4,0,0,999083,1
50943.681702,4,0,0,999148,1
50944.853514,4,0,0,999126,1
50949.859387,4,0,0,999143,1
50956.540856,4,0,0,999223,1
50963.987138,4,0,0,999350,1
50966.471292,4,0,0,999313,1
50975.843159,4,0,0,999126,1
50987.232287,4,0,0,999113,1
50989.125554,4,0,0,999149,1
50998.070133,4,0,0,999325,1
51009.032894,4,0,0,999499,1
51009.351441,4,0,0,999511,1
51017.554615,4,0,0,999683,1
51032.050488,4,0,0,999541,1
51035.613776,4,0,0,999606,1
51037.620413,4,0,0,999459,1
51054.931567,4,0,0,999514,1
51059.308332,4,0,0,999461,1
51060.798184,4,0,0,999429,1
51069.351494,4,0,0,999318,1
51074.931896,4,0,0,999292,1
51075.688855,4,0,0,999362,1
51076.048768,4,0,0,999364,1
51081.722641,4,0,0,999404,1
51088.133189,4,0,0,999351,1
51092.570368,4,0,0,999398,1
51093.330859,4,0,0,999346,1
51097.095785,4,0,0,999454,1
51097.234312,4,0,0,999447,1
51100.219254,4,0,0,999382,1
51101.454907,4,0,0,999309,1
51106.326939,4,0,0,999251,1
51115.520238,4,0,0,998966,1
51116.947707,4,0,0,998911,1
51118.441767,4,0,0,998800,1
51123.874369,4,0,0,998898,1
51129.763664,4,0,0,999176,1
51132.265324,4,0,0,999032,1
51137.418373,4,0,0,998914,1
51154.677512,4,0,0,999125,1
51156.543873,4,0,0,999092,1
51157.605029,4,0,0,999152,1
51159.271951,4,0,0,999059,1
51165.633595,4,0,0,999062,1
51167.892450,4,0,0,999039,1
51189.026811,4,0,0,999306,1
51192.402075,4,0,0,999210,1
