34199.000000,1,0,100,999000,1
34199.000000,1,0,100,999100,1
34199.000000,1,0,100,999200,1
34199.000000,1,0,100,999300,1
34199.000000,1,0,100,999400,1
34199.000000,1,0,100,999500,1
34199.000000,1,0,100,999600,1
34199.000000,1,0,100,999700,1
34199.000000,1,0,100,999800,1
34199.000000,1,0,100,999900,1
34199.000000,1,0,100,1000100,-1
34199.000000,1,0,100,1000200,-1
34199.000000,1,0,100,1000300,-1
34199.000000,1,0,100,1000400,-1
34199.000000,1,0,100,1000500,-1
34199.000000,1,0,100,1000600,-1
34199.000000,1,0,100,1000700,-1
34199.000000,1,0,100,1000800,-1
34199.000000,1,0,100,1000900,-1
34199.000000,1,0,100,1001000,-1
34200.000000,4,0,0,1000000,1
34200.100238,4,0,0,999975,1
34204.900129,4,0,0,999974,1
34211.503801,4,0,0,1000054,1
34214.802793,4,0,0,999989,1
34216.019924,4,0,0,1000003,1
34217.074989,4,0,0,1000009,1
34223.907187,4,0,0,1000009,1
34224.792725,4,0,0,1000001,1
34225.234817,4,0,0,1000015,1
34230.762053,4,0,0,1000157,1
34245.417591,4,0,0,999971,1
34245.436501,4,0,0,999979,1
34248.867747,4,0,0,1000000,1
34256.872439,4,0,0,1000063,1
34261.404389,4,0,0,999942,1
34267.519225,4,0,0,999958,1
34269.168976,4,0,0,1000054,1
34281.110779,4,0,0,999867,1
34287.103841,4,0,0,999626,1
34290.842162,4,0,0,999458,1
34291.575172,4,0,0,999470,1
34293.809116,4,0,0,999649,1
34299.168776,4,0,0,999780,1
34301.955982,4,0,0,999919,1
34304.676691,4,0,0,999928,1
34309.273735,4,0,0,1000078,1
34312.714260,4,0,0,1000052,1
34317.737837,4,0,0,1000121,1
34322.130139,4,0,0,1000093,1
34329.949745,4,0,0,1000015,1
34333.474549,4,0,0,1000028,1
34344.913303,4,0,0,999947,1
34346.751403,4,0,0,1000036,1
34347.204621,4,0,0,1000043,1
34348.914310,4,0,0,1000069,1
34349.492789,4,0,0,1000056,1
34357.925808,4,0,0,1000238,1
34358.155399,4,0,0,1000220,1
34362.860198,4,0,0,1000291,1
34366.651493,4,0,0,1000257,1
34374.829332,4,0,0,1000121,1
34375.889674,4,0,0,1000096,1
34385.181346,4,0,0,999973,1
34387.252657,4,0,0,999958,1
34393.968844,4,0,0,999914,1
34395.646254,4,0,0,999935,1
34405.940546,4,0,0,1000025,1
34407.822915,4,0,0,1000015,1
34408.684952,4,0,0,1000014,1
34411.067549,4,0,0,1000036,1
34411.536565,4,0,0,1000018,1
34419.762754,4,0,0,1000119,1
34420.546077,4,0,0,1000156,1
34422.862915,4,0,0,1000172,1
34436.663110,4,0,0,1000614,1
34457.657421,4,0,0,1000816,1
34460.570191,4,0,0,1000806,1
34468.932352,4,0,0,1000750,1
34470.316238,4,0,0,1000736,1
34474.664802,4,0,0,1000682,1
34485.808470,4,0,0,1000866,1
34489.464060,4,0,0,1000798,1
34493.728247,4,0,0,1000788,1
34493.919801,4,0,0,1000776,1
34496.032051,4,0,0,1000851,1
34496.428605,4,0,0,1000807,1
34498.170941,4,0,0,1000782,1
34500.090359,4,0,0,1000773,1
34507.195684,4,0,0,1000812,1
34507.390610,4,0,0,1000823,1
34510.073281,4,0,0,1000804,1
34511.881219,4,0,0,1000870,1
34516.718348,4,0,0,1000902,1
34518.750703,4,0,0,1001077,1
34518.961279,4,0,0,1001042,1
34529.092761,4,0,0,1001135,1
34535.979359,4,0,0,1000995,1
34546.038997,4,0,0,1000863,1
34548.622308,4,0,0,1001022,1
34553.069299,4,0,0,1001203,1
34556.513049,4,0,0,1001029,1
34560.867136,4,0,0,1001004,1
34562.320752,4,0,0,1000999,1
34564.031612,4,0,0,1000859,1
34564.154591,4,0,0,1000858,1
34565.880456,4,0,0,1000883,1
34567.205338,4,0,0,1000895,1
34571.103388,4,0,0,1000696,1
34575.087879,4,0,0,1000805,1
34578.169110,4,0,0,1000826,1
34579.825088,4,0,0,1000821,1
34580.142518,4,0,0,1000800,1
34598.567781,4,0,0,1000944,1
34600.551830,4,0,0,1001008,1
34603.817971,4,0,0,1000963,1
34621.866185,4,0,0,1000973,1
34624.644328,4,0,0,1001041,1
34626.475668,4,0,0,1000908,1
34629.982020,4,0,0,1000917,1
34634.107510,4,0,0,1000722,1
34643.302772,4,0,0,1000579,1
34643.639891,4,0,0,1000592,1
34646.625536,4,0,0,1000579,1
34653.905604,4,0,0,1000523,1
34659.966587,4,0,0,1000485,1
34664.182272,4,0,0,1000571,1
34664.362955,4,0,0,1000586,1
34666.426927,4,0,0,1000529,1
34670.386003,4,0,0,1000557,1
34672.089065,4,0,0,1000526,1
34675.521702,4,0,0,1000747,1
34680.871593,4,0,0,1000660,1
34681.700416,4,0,0,1000645,1
34681.948002,4,0,0,1000637,1
34683.918374,4,0,0,1000605,1
34684.465018,4,0,0,1000610,1
34685.407221,4,0,0,1000623,1
34695.780019,4,0,0,1000360,1
34697.953510,4,0,0,1000317,1
34699.133619,4,0,0,1000245,1
34705.808073,4,0,0,1000404,1
34706.348375,4,0,0,1000494,1
34712.872774,4,0,0,1000669,1
34715.905556,4,0,0,1000698,1
34720.264626,4,0,0,1000803,1
34721.028102,4,0,0,1000810,1
34722.000276,4,0,0,1000892,1
34726.951595,4,0,0,1000964,1
34727.189878,4,0,0,1000958,1
34728.556164,4,0,0,1000891,1
34732.293065,4,0,0,1000828,1
34733.522400,4,0,0,1000845,1
34735.818306,4,0,0,1000751,1
34748.026595,4,0,0,1000708,1
34760.430871,4,0,0,1000939,1
34764.429055,4,0,0,1000940,1
34768.073493,4,0,0,1001127,1
34768.145057,4,0,0,1001147,1
34786.367107,4,0,0,1001075,1
34790.435073,4,0,0,1000936,1
34797.935131,4,0,0,1000926,1
34801.876366,4,0,0,1000876,1
34811.906241,4,0,0,1000932,1
34816.100886,4,0,0,1001095,1
34821.999005,4,0,0,1000955,1
34822.767606,4,0,0,1000938,1
34825.441560,4,0,0,1000964,1
34831.100176,4,0,0,1001096,1
34831.628399,4,0,0,1001114,1
34834.396563,4,0,0,1001147,1
34835.265396,4,0,0,1001209,1
34838.645825,4,0,0,1001253,1
34846.817027,4,0,0,1001214,1
34847.268393,4,0,0,1001215,1
34854.963149,4,0,0,1001113,1
34858.943454,4,0,0,1001165,1
34863.197694,4,0,0,1001260,1
34864.252985,4,0,0,1001106,1
34866.991499,4,0,0,1001205,1
34868.668515,4,0,0,1001201,1
34868.851499,4,0,0,1001210,1
34869.000470,4,0,0,1001223,1
34871.885192,4,0,0,1001026,1
34878.414476,4,0,0,1000871,1
34882.309471,4,0,0,1000836,1
34884.634070,4,0,0,1000775,1
34885.513639,4,0,0,1000787,1
34894.221716,4,0,0,1000708,1
34898.590268,4,0,0,1000528,1
34905.887151,4,0,0,1000609,1
34914.908112,4,0,0,1000771,1
34919.325929,4,0,0,1000828,1
34926.586560,4,0,0,1000729,1
34931.158284,4,0,0,1000700,1
34931.260540,4,0,0,1000709,1
34937.895919,4,0,0,1000784,1
34938.821498,4,0,0,1000832,1
34941.753734,4,0,0,1000805,1
34945.194106,4,0,0,1000672,1
34948.356980,4,0,0,1000611,1
34957.249574,4,0,0,1000688,1
34958.168033,4,0,0,1000723,1
34958.238505,4,0,0,1000753,1
34967.267515,4,0,0,1000767,1
34973.755953,4,0,0,1000795,1
34976.672179,4,0,0,1000779,1
34979.250481,4,0,0,1000745,1
34979.843793,4,0,0,1000775,1
34981.820400,4,0,0,1000799,1
34982.295741,4,0,0,1000792,1
34988.309868,4,0,0,1000658,1
34988.693313,4,0,0,1000654,1
34989.795625,4,0,0,1000633,1
34993.871965,4,0,0,1000758,1
34995.534934,4,0,0,1000818,1
35000.631942,4,0,0,1000701,1
35008.411108,4,0,0,1000861,1
35010.479183,4,0,0,1000819,1
35010.948094,4,0,0,1000823,1
35018.970551,4,0,0,1000990,1
35026.315009,4,0,0,1000848,1
35028.704613,4,0,0,1000859,1
35038.258065,4,0,0,1000681,1
35040.574254,4,0,0,1000532,1
35041.996146,4,0,0,1000591,1
35050.449313,4,0,0,1000592,1
35056.822280,4,0,0,1000487,1
35060.208747,4,0,0,1000340,1
35065.150035,4,0,0,1000295,1
35066.296108,4,0,0,1000366,1
35077.101631,4,0,0,1000430,1
35093.257148,4,0,0,1000352,1
35095.079583,4,0,0,1000306,1
35104.671047,4,0,0,1000321,1
35106.446697,4,0,0,1000218,1
35106.569011,4,0,0,1000242,1
35106.810145,4,0,0,1000254,1
35107.785788,4,0,0,1000313,1
35108.127710,4,0,0,1000296,1
35109.550712,4,0,0,1000347,1
35121.254811,4,0,0,1000462,1
35124.181183,4,0,0,1000331,1
35124.848019,4,0,0,1000337,1
35132.783590,4,0,0,1000379,1
35135.253059,4,0,0,1000334,1
35135.371298,4,0,0,1000328,1
35144.662326,4,0,0,1000392,1
35146.194849,4,0,0,1000390,1
35152.097175,4,0,0,1000267,1
35154.198956,4,0,0,1000309,1
35161.757955,4,0,0,1000339,1
35170.657714,4,0,0,1000375,1
35174.350310,4,0,0,1000384,1
35178.264684,4,0,0,1000427,1
35178.889380,4,0,0,1000416,1
35181.156246,4,0,0,1000350,1
35183.832681,4,0,0,1000289,1
35187.254299,4,0,0,1000391,1
35197.882285,4,0,0,1000061,1
35199.588629,4,0,0,1000096,1
35202.002113,4,0,0,999984,1
35209.537101,4,0,0,999764,1
35212.077661,4,0,0,999684,1
35213.054716,4,0,0,999671,1
35221.821849,4,0,0,999781,1
35225.847934,4,0,0,999611,1
35226.143954,4,0,0,999656,1
35247.665141,4,0,0,999928,1
35248.906912,4,0,0,999921,1
35253.465777,4,0,0,999890,1
35255.659358,4,0,0,999820,1
35263.419281,4,0,0,999902,1
35268.140412,4,0,0,999910,1
35276.369562,4,0,0,1000113,1
35277.994919,4,0,0,1000069,1
35279.530739,4,0,0,1000103,1
35283.923195,4,0,0,1000099,1
35297.254371,4,0,0,999944,1
35303.127053,4,0,0,1000174,1
35304.588368,4,0,0,1000191,1
35305.212117,4,0,0,1000215,1
35308.146207,4,0,0,1000124,1
35325.743335,4,0,0,999972,1
35331.198418,4,0,0,999981,1
35332.224904,4,0,0,999952,1
35332.453707,4,0,0,999966,1
35347.032996,4,0,0,1000050,1
35356.385110,4,0,0,999930,1
35364.796467,4,0,0,999959,1
35380.673126,4,0,0,999960,1
35385.040304,4,0,0,999943,1
35397.814518,4,0,0,999738,1
35398.573222,4,0,0,999702,1
35399.151571,4,0,0,999710,1
35401.375519,4,0,0,999786,1
35408.329610,4,0,0,999659,1
35410.181111,4,0,0,999742,1
35415.038586,4,0,0,999763,1
35415.082867,4,0,0,999750,1
35418.830817,4,0,0,999781,1
35420.800747,4,0,0,999844,1
35431.713586,4,0,0,999888,1
35445.218351,4,0,0,1000313,1
35447.535247,4,0,0,1000337,1
35449.946165,4,0,0,1000405,1
35460.824240,4,0,0,1000405,1
35461.114019,4,0,0,1000431,1
35463.598814,4,0,0,1000242,1
35464.265451,4,0,0,1000207,1
35464.700364,4,0,0,1000195,1
35472.024813,4,0,0,1000262,1
35473.761051,4,0,0,1000274,1
35477.954088,4,0,0,1000385,1
35488.028238,4,0,0,1000439,1
35498.194752,4,0,0,1000470,1
35502.586038,4,0,0,1000454,1
35507.539453,4,0,0,1000471,1
35507.818102,4,0,0,1000493,1
35509.505859,4,0,0,1000542,1
35515.131556,4,0,0,1000644,1
35516.133078,4,0,0,1000632,1
35523.898618,4,0,0,1000533,1
35527.355128,4,0,0,1000488,1
35534.122995,4,0,0,1000532,1
35535.058718,4,0,0,1000609,1
35535.470915,4,0,0,1000617,1
35538.615768,4,0,0,1000659,1
35542.213134,4,0,0,1000501,1
35547.909661,4,0,0,1000819,1
35549.004823,4,0,0,1000760,1
35554.324150,4,0,0,1000968,1
35561.859048,4,0,0,1000888,1
35562.062838,4,0,0,1000909,1
35577.868131,4,0,0,1001064,1
35595.576658,4,0,0,1001068,1
35599.400549,4,0,0,1001050,1
35599.721331,4,0,0,1001023,1
35601.745573,4,0,0,1001018,1
35601.844240,4,0,0,1001035,1
35609.557755,4,0,0,1001083,1
35610.671982,4,0,0,1001035,1
35611.411027,4,0,0,1001085,1
35617.164328,4,0,0,1000938,1
35617.449679,4,0,0,1000943,1
35618.867098,4,0,0,1000889,1
35622.280148,4,0,0,1000816,1
35647.860135,4,0,0,1001077,1
35648.617422,4,0,0,1001056,1
35651.470868,4,0,0,1000927,1
35655.867981,4,0,0,1000868,1
35656.357140,4,0,0,1000894,1
35657.985734,4,0,0,1000847,1
35664.084185,4,0,0,1000994,1
35667.909621,4,0,0,1001091,1
35676.627037,4,0,0,1001097,1
35680.777462,4,0,0,1001214,1
35681.752782,4,0,0,1001306,1
35686.321588,4,0,0,1001091,1
35696.741845,4,0,0,1001271,1
35700.218350,4,0,0,1001326,1
35704.921314,4,0,0,1001288,1
35708.283169,4,0,0,1001346,1
35719.775262,4,0,0,1001406,1
35722.324195,4,0,0,1001358,1
35725.989147,4,0,0,1001498,1
35727.994492,4,0,0,1001506,1
35728.657840,4,0,0,1001554,1
35733.854386,4,0,0,1001522,1
35746.969412,4,0,0,1001217,1
35751.503868,4,0,0,1001240,1
35760.346129,4,0,0,1001200,1
35761.520973,4,0,0,1001131,1
35772.681396,4,0,0,1000843,1
35772.728326,4,0,0,1000849,1
35773.951726,4,0,0,1000919,1
35774.628704,4,0,0,1000976,1
35786.009936,4,0,0,1001061,1
35797.532181,4,0,0,1001055,1
35801.690889,4,0,0,1001072,1
35802.128544,4,0,0,1001074,1
35802.722667,4,0,0,1001104,1
35809.770034,4,0,0,1001035,1
35816.078392,4,0,0,1000873,1
35816.514137,4,0,0,1000866,1
35818.628480,4,0,0,1000879,1
35825.720747,4,0,0,1000842,1
35826.394512,4,0,0,1000843,1
35830.083849,4,0,0,1001053,1
35836.801514,4,0,0,1001163,1
35838.322402,4,0,0,1001077,1
35842.318016,4,0,0,1001140,1
35845.413409,4,0,0,1000947,1
35849.301125,4,0,0,1001006,1
35852.078953,4,0,0,1001045,1
35857.735185,4,0,0,1001045,1
35863.789962,4,0,0,1000922,1
35870.540064,4,0,0,1000792,1
35870.721878,4,0,0,1000800,1
35876.151009,4,0,0,1000727,1
35879.251298,4,0,0,1000799,1
35879.755832,4,0,0,1000777,1
35884.308430,4,0,0,1000736,1
35893.006268,4,0,0,1000845,1
35899.334322,4,0,0,1000838,1
35901.188806,4,0,0,1000826,1
35901.524684,4,0,0,1000834,1
35901.706538,4,0,0,1000842,1
35905.621332,4,0,0,1000832,1
35906.459596,4,0,0,1000842,1
35907.950105,4,0,0,1000834,1
35909.235020,4,0,0,1000857,1
35909.328407,4,0,0,1000861,1
35910.114741,4,0,0,1000883,1
35910.279605,4,0,0,1000899,1
35929.439044,4,0,0,1000666,1
35931.575923,4,0,0,1000566,1
35939.920021,4,0,0,1000526,1
35942.460267,4,0,0,1000511,1
35943.855692,4,0,0,1000538,1
35945.146858,4,0,0,1000469,1
35952.237102,4,0,0,1000493,1
35957.554750,4,0,0,1000541,1
35963.411692,4,0,0,1000342,1
35972.581550,4,0,0,1000406,1
35976.110377,4,0,0,1000537,1
35978.905609,4,0,0,1000547,1
35982.762459,4,0,0,1000458,1
35987.807931,4,0,0,1000392,1
35995.235023,4,0,0,1000381,1
36005.885447,4,0,0,1000294,1
36007.652936,4,0,0,1000080,1
36008.349530,4,0,0,1000141,1
36014.993768,4,0,0,1000081,1
36018.570677,4,0,0,1000064,1
36025.912289,4,0,0,1000189,1
36028.598598,4,0,0,1000208,1
36037.324003,4,0,0,1000135,1
36041.008394,4,0,0,1000126,1
36042.386217,4,0,0,1000157,1
36042.676360,4,0,0,1000172,1
36043.137416,4,0,0,1000165,1
36044.052320,4,0,0,1000203,1
36046.817492,4,0,0,1000268,1
36054.779348,4,0,0,1000198,1
36066.310733,4,0,0,1000027,1
36070.413100,4,0,0,1000060,1
36072.057983,4,0,0,1000097,1
36077.100591,4,0,0,1000045,1
36081.956555,4,0,0,999997,1
36085.304096,4,0,0,1000046,1
36101.404690,4,0,0,1000077,1
36109.260458,4,0,0,1000267,1
36121.871669,4,0,0,1000356,1
36126.421033,4,0,0,1000610,1
36145.625167,4,0,0,1000719,1
36151.625136,4,0,0,1000607,1
36151.666708,4,0,0,1000605,1
36153.291343,4,0,0,1000599,1
36162.093051,4,0,0,1000347,1
36164.891780,4,0,0,1000404,1
36165.800031,4,0,0,1000406,1
36166.381439,4,0,0,1000405,1
36174.024165,4,0,0,1000327,1
36179.027385,4,0,0,1000203,1
36182.357350,4,0,0,1000183,1
36183.965191,4,0,0,1000127,1
36188.805012,4,0,0,1000128,1
36191.000978,4,0,0,1000061,1
36194.707993,4,0,0,999925,1
36201.570951,4,0,0,999937,1
36210.327330,4,0,0,999966,1
36210.857356,4,0,0,999986,1
36214.273330,4,0,0,999991,1
36219.230262,4,0,0,1000154,1
36220.024380,4,0,0,1000126,1
36220.032798,4,0,0,1000131,1
36236.345194,4,0,0,999930,1
36244.230115,4,0,0,999835,1
36245.761141,4,0,0,999810,1
36247.325351,4,0,0,999794,1
36247.940087,4,0,0,999854,1
36251.072187,4,0,0,999797,1
36263.943285,4,0,0,999571,1
36275.722402,4,0,0,999703,1
36277.058645,4,0,0,999702,1
36279.459604,4,0,0,999582,1
36296.259269,4,0,0,999656,1
36297.800526,4,0,0,999715,1
36311.080300,4,0,0,999646,1
36318.084865,4,0,0,999854,1
36328.411481,4,0,0,1000102,1
36338.200833,4,0,0,999994,1
36338.957869,4,0,0,1000031,1
36346.399336,4,0,0,999746,1
36357.868186,4,0,0,999776,1
36366.573580,4,0,0,999665,1
36372.524217,4,0,0,999784,1
36374.279782,4,0,0,999726,1
36376.366837,4,0,0,999801,1
36377.655764,4,0,0,999755,1
36378.105580,4,0,0,999741,1
36379.139327,4,0,0,999703,1
36383.711935,4,0,0,999727,1
36396.567643,4,0,0,999483,1
36402.182641,4,0,0,999561,1
36406.137958,4,0,0,999495,1
36407.601563,4,0,0,999631,1
36411.181641,4,0,0,999609,1
36418.980671,4,0,0,999504,1
36420.652070,4,0,0,999535,1
36421.620167,4,0,0,999495,1
36421.715431,4,0,0,999504,1
36428.215896,4,0,0,999448,1
36428.402535,4,0,0,999459,1
36431.120421,4,0,0,999464,1
36439.649356,4,0,0,999546,1
36439.714125,4,0,0,999537,1
36443.117458,4,0,0,999477,1
36446.239080,4,0,0,999605,1
36446.382975,4,0,0,999631,1
36446.437918,4,0,0,999642,1
36448.365375,4,0,0,999603,1
36448.668422,4,0,0,999638,1
36453.026515,4,0,0,999604,1
36463.403214,4,0,0,999583,1
36465.942617,4,0,0,999668,1
36466.129151,4,0,0,999665,1
36466.532093,4,0,0,999664,1
36466.940615,4,0,0,999654,1
36474.863020,4,0,0,999562,1
36482.572749,4,0,0,999466,1
36482.654269,4,0,0,999461,1
36492.096686,4,0,0,999487,1
36503.676226,4,0,0,999438,1
36506.124962,4,0,0,999347,1
36507.741178,4,0,0,999338,1
36516.592760,4,0,0,999307,1
36521.180779,4,0,0,999316,1
36521.905042,4,0,0,999336,1
36523.146647,4,0,0,999353,1
36531.951349,4,0,0,999233,1
36540.843104,4,0,0,999113,1
36542.031644,4,0,0,999087,1
36549.998646,4,0,0,998984,1
36553.668589,4,0,0,998834,1
36558.174732,4,0,0,998787,1
36561.721799,4,0,0,998655,1
36566.600370,4,0,0,998519,1
36566.625081,4,0,0,998509,1
36566.744820,4,0,0,998491,1
36572.343481,4,0,0,998361,1
36573.243320,4,0,0,998319,1
36578.902570,4,0,0,998293,1
36580.507906,4,0,0,998346,1
36580.778848,4,0,0,998311,1
36584.950867,4,0,0,998422,1
36586.627306,4,0,0,998458,1
36588.490609,4,0,0,998495,1
36604.794837,4,0,0,998457,1
36605.831293,4,0,0,998467,1
36607.871328,4,0,0,998509,1
36608.396318,4,0,0,998532,1
36610.852281,4,0,0,998507,1
36611.318067,4,0,0,998533,1
36614.677843,4,0,0,998645,1
36621.164724,4,0,0,998773,1
36621.190080,4,0,0,998779,1
36621.641732,4,0,0,998759,1
36621.918130,4,0,0,998759,1
36632.228478,4,0,0,998789,1
36652.493505,4,0,0,998698,1
36656.003617,4,0,0,998720,1
36657.060797,4,0,0,998730,1
36670.006351,4,0,0,998729,1
36675.087716,4,0,0,998715,1
36682.588570,4,0,0,998715,1
36686.010257,4,0,0,998721,1
36693.429625,4,0,0,998675,1
36695.378252,4,0,0,998647,1
36695.952787,4,0,0,998646,1
36707.194975,4,0,0,998465,1
36707.215208,4,0,0,998452,1
36707.580140,4,0,0,998446,1
36708.258418,4,0,0,998398,1
36721.880942,4,0,0,998711,1
36723.605896,4,0,0,998760,1
36724.752737,4,0,0,998827,1
36726.164084,4,0,0,998872,1
36726.646087,4,0,0,998861,1
36729.102178,4,0,0,998901,1
36735.379019,4,0,0,998970,1
36740.372784,4,0,0,998819,1
36741.753296,4,0,0,998866,1
36742.986748,4,0,0,998817,1
36746.260160,4,0,0,998712,1
36755.823702,4,0,0,998832,1
36760.629018,4,0,0,998773,1
36767.342182,4,0,0,998652,1
36770.089222,4,0,0,998753,1
36772.532658,4,0,0,998616,1
36778.667481,4,0,0,998525,1
36780.894015,4,0,0,998611,1
36784.738559,4,0,0,998875,1
36785.139532,4,0,0,998877,1
36789.451480,4,0,0,998974,1
36791.027851,4,0,0,998913,1
36797.512074,4,0,0,999180,1
36799.208978,4,0,0,999142,1
36805.981784,4,0,0,998779,1
36807.208565,4,0,0,998786,1
36807.229680,4,0,0,998787,1
36807.949392,4,0,0,998754,1
36809.625458,4,0,0,998772,1
36810.665829,4,0,0,998840,1
36814.470836,4,0,0,998710,1
36815.597541,4,0,0,998738,1
36822.802422,4,0,0,998610,1
36825.971405,4,0,0,998745,1
36830.846147,4,0,0,998811,1
36831.723554,4,0,0,998787,1
36844.084845,4,0,0,998843,1
36850.124425,4,0,0,998799,1
36850.928412,4,0,0,998828,1
36857.075624,4,0,0,998829,1
36858.061732,4,0,0,998894,1
36866.522263,4,0,0,999285,1
36867.568866,4,0,0,999303,1
36883.113105,4,0,0,999480,1
36886.904521,4,0,0,999518,1
36888.109747,4,0,0,999490,1
36889.253027,4,0,0,999516,1
36893.979630,4,0,0,999624,1
36898.774668,4,0,0,999717,1
36900.502018,4,0,0,999728,1
36908.603259,4,0,0,999707,1
36911.199287,4,0,0,999854,1
36919.235648,4,0,0,999986,1
36920.708736,4,0,0,1000070,1
36940.306202,4,0,0,999926,1
36950.143983,4,0,0,1000149,1
36952.988838,4,0,0,1000026,1
36954.941691,4,0,0,1000059,1
36955.085838,4,0,0,1000060,1
36977.568699,4,0,0,1000097,1
36983.029399,4,0,0,1000049,1
36984.031680,4,0,0,1000095,1
36984.251998,4,0,0,1000108,1
36984.315222,4,0,0,1000111,1
36989.497455,4,0,0,1000345,1
36990.041145,4,0,0,1000383,1
36991.814536,4,0,0,1000395,1
36993.574022,4,0,0,1000394,1
36994.171355,4,0,0,1000317,1
37008.206249,4,0,0,1000195,1
37026.319520,4,0,0,1000092,1
37037.544928,4,0,0,999956,1
37045.147608,4,0,0,999941,1
37045.471062,4,0,0,999993,1
37051.505548,4,0,0,1000056,1
37054.414854,4,0,0,1000036,1
37055.200046,4,0,0,999988,1
37060.173611,4,0,0,1000094,1
37060.315436,4,0,0,1000089,1
37067.009720,4,0,0,1000330,1
37077.548904,4,0,0,1000354,1
37077.598780,4,0,0,1000370,1
37079.494747,4,0,0,1000402,1
37087.922461,4,0,0,1000412,1
37088.493464,4,0,0,1000416,1
37088.612992,4,0,0,1000427,1
37096.662087,4,0,0,1000422,1
37098.030235,4,0,0,1000330,1
37099.400238,4,0,0,1000219,1
37100.223624,4,0,0,1000187,1
37101.767761,4,0,0,1000136,1
37104.443887,4,0,0,1000152,1
37105.872986,4,0,0,1000145,1
37108.058407,4,0,0,1000181,1
37110.112372,4,0,0,1000165,1
37112.048363,4,0,0,1000204,1
37113.776317,4,0,0,1000226,1
37115.585654,4,0,0,1000300,1
37117.091446,4,0,0,1000244,1
37128.111906,4,0,0,999928,1
37144.413935,4,0,0,999804,1
37155.265032,4,0,0,999925,1
37157.498477,4,0,0,999876,1
37162.493184,4,0,0,999822,1
37164.276867,4,0,0,999737,1
37172.214460,4,0,0,999601,1
37180.023029,4,0,0,999575,1
37187.584553,4,0,0,999337,1
37188.149298,4,0,0,999332,1
37196.127970,4,0,0,999337,1
37203.355784,4,0,0,999312,1
37213.697411,4,0,0,999336,1
37215.557927,4,0,0,999291,1
37216.099759,4,0,0,999339,1
37216.940285,4,0,0,999375,1
37222.280224,4,0,0,999286,1
37228.266159,4,0,0,999278,1
37229.560603,4,0,0,999241,1
37237.392353,4,0,0,999422,1
37249.364608,4,0,0,999405,1
37269.320187,4,0,0,999144,1
37297.163605,4,0,0,999377,1
37300.631558,4,0,0,999435,1
37306.387892,4,0,0,999412,1
37306.768610,4,0,0,999396,1
37317.829844,4,0,0,999330,1
37325.859132,4,0,0,999324,1
37327.985381,4,0,0,999248,1
37345.754710,4,0,0,999633,1
37348.086096,4,0,0,999628,1
37348.164212,4,0,0,999659,1
37348.254320,4,0,0,999652,1
37352.009337,4,0,0,999632,1
37354.807802,4,0,0,999608,1
37354.932254,4,0,0,999624,1
37357.127937,4,0,0,999699,1
37359.734375,4,0,0,999724,1
37362.219368,4,0,0,999814,1
37392.114513,4,0,0,1000131,1
37392.929041,4,0,0,1000176,1
37395.674686,4,0,0,1000142,1
37397.180527,4,0,0,1000071,1
37413.779504,4,0,0,999741,1
37418.039117,4,0,0,999591,1
37423.861281,4,0,0,999554,1
37428.878566,4,0,0,999411,1
37435.609570,4,0,0,999399,1
37445.960946,4,0,0,999642,1
37447.355562,4,0,0,999633,1
37448.592448,4,0,0,999528,1
37453.003990,4,0,0,999617,1
37454.291734,4,0,0,999605,1
37460.567840,4,0,0,999543,1
37465.781104,4,0,0,999514,1
37467.088354,4,0,0,999438,1
37468.071553,4,0,0,999439,1
37469.864505,4,0,0,999490,1
37472.045262,4,0,0,999415,1
37476.306014,4,0,0,999475,1
37483.112497,4,0,0,999556,1
37484.972516,4,0,0,999518,1
37488.305131,4,0,0,999611,1
37492.495585,4,0,0,999493,1
37493.977697,4,0,0,999520,1
37499.958564,4,0,0,999504,1
37502.879838,4,0,0,999498,1
37507.901149,4,0,0,999543,1
37511.239975,4,0,0,999563,1
37513.938604,4,0,0,999403,1
37519.985402,4,0,0,999245,1
37520.044855,4,0,0,999232,1
37520.444949,4,0,0,999225,1
37524.550499,4,0,0,999305,1
37532.580789,4,0,0,999458,1
37536.521794,4,0,0,999525,1
37540.944778,4,0,0,999545,1
37542.135984,4,0,0,999492,1
37554.181623,4,0,0,999700,1
37555.281229,4,0,0,999705,1
37560.853934,4,0,0,999560,1
37563.102156,4,0,0,999514,1
37564.238170,4,0,0,999579,1
37572.461305,4,0,0,999786,1
37573.042968,4,0,0,999751,1
37580.131845,4,0,0,1000032,1
37583.285830,4,0,0,1000113,1
37597.577763,4,0,0,1000219,1
37601.391483,4,0,0,1000104,1
37604.944138,4,0,0,1000307,1
37614.830056,4,0,0,1000297,1
37619.803698,4,0,0,1000212,1
37621.712496,4,0,0,1000182,1
37621.762706,4,0,0,1000181,1
37622.467523,4,0,0,1000139,1
37629.499185,4,0,0,1000220,1
37638.056152,4,0,0,1000202,1
37643.279110,4,0,0,1000004,1
37647.375454,4,0,0,999916,1
37658.803713,4,0,0,999725,1
37664.793417,4,0,0,999627,1
37667.936683,4,0,0,999579,1
37673.810893,4,0,0,999603,1
37678.686067,4,0,0,999571,1
37678.806789,4,0,0,999568,1
37686.573943,4,0,0,999465,1
37693.131123,4,0,0,999555,1
37695.470949,4,0,0,999534,1
37699.690088,4,0,0,999739,1
37700.979037,4,0,0,999689,1
37722.378120,4,0,0,999683,1
37726.625784,4,0,0,999817,1
37727.686904,4,0,0,999758,1
37749.780478,4,0,0,999539,1
37758.948579,4,0,0,999372,1
37760.964682,4,0,0,999364,1
37766.079973,4,0,0,999332,1
37779.004923,4,0,0,999375,1
37782.919186,4,0,0,999487,1
37787.507961,4,0,0,999364,1
37790.533571,4,0,0,999332,1
37815.699494,4,0,0,999439,1
37828.654049,4,0,0,998993,1
37828.791055,4,0,0,998983,1
37831.634769,4,0,0,998946,1
37833.620759,4,0,0,998904,1
37834.430114,4,0,0,998918,1
37836.105372,4,0,0,998989,1
37842.143434,4,0,0,998926,1
37845.334074,4,0,0,999124,1
37847.095982,4,0,0,999078,1
37859.165901,4,0,0,999073,1
37864.853712,4,0,0,999102,1
37866.402232,4,0,0,999008,1
37873.934461,4,0,0,999074,1
37905.480635,4,0,0,999094,1
37911.304641,4,0,0,999116,1
37914.383112,4,0,0,999208,1
37921.969010,4,0,0,999217,1
37925.603574,4,0,0,999324,1
37929.689531,4,0,0,999191,1
37945.885041,4,0,0,999146,1
37959.552190,4,0,0,999383,1
37963.805471,4,0,0,999376,1
37965.052054,4,0,0,999309,1
37968.321095,4,0,0,999205,1
37971.055683,4,0,0,999144,1
37972.976894,4,0,0,999054,1
37977.401789,4,0,0,999108,1
37977.877274,4,0,0,999011,1
37978.465329,4,0,0,998980,1
37995.177272,4,0,0,998705,1
38009.781943,4,0,0,998453,1
38012.066965,4,0,0,998412,1
38033.042186,4,0,0,998147,1
38039.096851,4,0,0,998211,1
38051.429612,4,0,0,998084,1
38053.356786,4,0,0,998048,1
38062.195006,4,0,0,998181,1
38066.634063,4,0,0,998213,1
38075.448305,4,0,0,998240,1
38075.887762,4,0,0,998239,1
38077.950544,4,0,0,998161,1
38080.630735,4,0,0,998188,1
38088.387565,4,0,0,998489,1
38089.712409,4,0,0,998475,1
38089.728363,4,0,0,998469,1
38092.080583,4,0,0,998354,1
38104.249716,4,0,0,998030,1
38105.041334,4,0,0,998015,1
38111.667716,4,0,0,997953,1
38125.752608,4,0,0,998162,1
38127.132683,4,0,0,998159,1
38127.951542,4,0,0,998190,1
38129.959885,4,0,0,998236,1
38131.612637,4,0,0,998314,1
38133.119661,4,0,0,998296,1
38136.195025,4,0,0,998384,1
38140.104168,4,0,0,998432,1
38140.134606,4,0,0,998422,1
38148.998776,4,0,0,998277,1
38149.697716,4,0,0,998295,1
38156.568219,4,0,0,998260,1
38156.979461,4,0,0,998189,1
38163.876580,4,0,0,998229,1
38166.035243,4,0,0,998250,1
38167.358044,4,0,0,998263,1
38174.152363,4,0,0,998467,1
38174.426914,4,0,0,998457,1
38177.273928,4,0,0,998330,1
38188.319915,4,0,0,998444,1
38199.687842,4,0,0,998479,1
38202.712482,4,0,0,998533,1
38211.211908,4,0,0,998634,1
38216.480870,4,0,0,998654,1
38217.931237,4,0,0,998622,1
38220.046288,4,0,0,998619,1
38232.597667,4,0,0,998600,1
38242.816968,4,0,0,998534,1
38257.927826,4,0,0,998575,1
38259.122801,4,0,0,998570,1
38259.904464,4,0,0,998572,1
38260.533048,4,0,0,998530,1
38263.640174,4,0,0,998507,1
38265.062834,4,0,0,998440,1
38279.053831,4,0,0,998253,1
38282.281260,4,0,0,998379,1
38288.381274,4,0,0,998259,1
38315.059800,4,0,0,998407,1
38317.791702,4,0,0,998270,1
38317.895418,4,0,0,998268,1
38317.968155,4,0,0,998282,1
38321.018197,4,0,0,998353,1
38325.875731,4,0,0,998276,1
38326.408909,4,0,0,998305,1
38327.594456,4,0,0,998286,1
38333.941290,4,0,0,998170,1
38339.910166,4,0,0,998028,1
38355.342917,4,0,0,997650,1
38361.625170,4,0,0,997716,1
38370.386296,4,0,0,997841,1
38374.698022,4,0,0,998019,1
38380.174372,4,0,0,997983,1
38386.104867,4,0,0,997949,1
38387.027933,4,0,0,997923,1
38389.327531,4,0,0,997949,1
38391.759536,4,0,0,997964,1
38394.099931,4,0,0,997851,1
38395.091389,4,0,0,997876,1
38397.723161,4,0,0,997925,1
38404.125150,4,0,0,997964,1
38426.195633,4,0,0,997930,1
38426.536543,4,0,0,997874,1
38435.683360,4,0,0,997899,1
38443.025216,4,0,0,997893,1
38446.144889,4,0,0,997855,1
38447.833026,4,0,0,997861,1
38450.989165,4,0,0,997844,1
38453.374610,4,0,0,997853,1
38464.366385,4,0,0,997845,1
38465.936718,4,0,0,997817,1
38466.411834,4,0,0,997780,1
38469.768384,4,0,0,997670,1
38470.703979,4,0,0,997688,1
38471.962152,4,0,0,997687,1
38477.681433,4,0,0,997742,1
38488.027665,4,0,0,997824,1
38498.865775,4,0,0,997814,1
38506.724694,4,0,0,998091,1
38514.117628,4,0,0,998030,1
38522.094752,4,0,0,998047,1
38523.970395,4,0,0,998014,1
38528.605973,4,0,0,997980,1
38529.563853,4,0,0,997931,1
38538.717161,4,0,0,998043,1
38553.851680,4,0,0,997955,1
38555.243357,4,0,0,997995,1
38555.587335,4,0,0,998026,1
38561.836258,4,0,0,998030,1
38573.736449,4,0,0,997950,1
38582.600637,4,0,0,998005,1
38582.663517,4,0,0,998012,1
38585.357840,4,0,0,998068,1
38587.763108,4,0,0,997968,1
38590.378558,4,0,0,998092,1
38591.100801,4,0,0,998055,1
38597.947147,4,0,0,997882,1
38603.583458,4,0,0,997961,1
38608.106798,4,0,0,997929,1
38620.744211,4,0,0,997961,1
38626.751405,4,0,0,997994,1
38628.616525,4,0,0,998113,1
38636.709365,4,0,0,998142,1
38650.753179,4,0,0,998242,1
38651.594246,4,0,0,998228,1
38655.192876,4,0,0,998164,1
38662.416101,4,0,0,998286,1
38664.533146,4,0,0,998331,1
38666.731778,4,0,0,998449,1
38672.505493,4,0,0,998361,1
38676.355257,4,0,0,998401,1
38681.014971,4,0,0,998488,1
38682.113230,4,0,0,998401,1
38687.039222,4,0,0,998264,1
38690.315501,4,0,0,998311,1
38695.429354,4,0,0,998342,1
38697.086757,4,0,0,998302,1
38697.814717,4,0,0,998342,1
38706.478224,4,0,0,998217,1
38707.052301,4,0,0,998163,1
38707.619996,4,0,0,998167,1
38710.555750,4,0,0,998181,1
38713.118225,4,0,0,998259,1
38727.019457,4,0,0,998313,1
38729.558881,4,0,0,998381,1
38731.443359,4,0,0,998316,1
38733.297136,4,0,0,998377,1
38734.667260,4,0,0,998317,1
38741.086565,4,0,0,998452,1
38741.227457,4,0,0,998448,1
38746.223072,4,0,0,998451,1
38746.544479,4,0,0,998440,1
38747.857501,4,0,0,998433,1
38748.310652,4,0,0,998423,1
38755.151524,4,0,0,998238,1
38756.310618,4,0,0,998194,1
38761.764737,4,0,0,998126,1
38764.843556,4,0,0,998152,1
38777.610862,4,0,0,998258,1
38778.432728,4,0,0,998245,1
38781.569851,4,0,0,998281,1
38782.026401,4,0,0,998297,1
38782.954392,4,0,0,998283,1
38783.319964,4,0,0,998210,1
38785.335136,4,0,0,998214,1
38790.736922,4,0,0,998387,1
38792.291522,4,0,0,998355,1
38794.068444,4,0,0,998406,1
38794.336124,4,0,0,998388,1
38796.058699,4,0,0,998346,1
38805.296951,4,0,0,998674,1
38809.307248,4,0,0,998669,1
38826.080580,4,0,0,998488,1
38831.708694,4,0,0,998628,1
38832.389211,4,0,0,998641,1
38833.224711,4,0,0,998660,1
38835.594941,4,0,0,998515,1
38836.502002,4,0,0,998500,1
38836.632851,4,0,0,998501,1
38837.876537,4,0,0,998493,1
38840.333913,4,0,0,998416,1
38843.798557,4,0,0,998387,1
38844.926237,4,0,0,998465,1
38845.788829,4,0,0,998447,1
38851.386281,4,0,0,998528,1
38851.864422,4,0,0,998580,1
38853.911299,4,0,0,998571,1
38861.823573,4,0,0,998558,1
38864.765732,4,0,0,998660,1
38869.468448,4,0,0,998792,1
38870.556914,4,0,0,998828,1
38871.027064,4,0,0,998787,1
38888.761546,4,0,0,998909,1
38890.949965,4,0,0,998928,1
38895.054511,4,0,0,998956,1
38896.403776,4,0,0,999058,1
38919.765356,4,0,0,998839,1
38923.758261,4,0,0,999023,1
38927.234738,4,0,0,998868,1
38937.427062,4,0,0,998697,1
38937.484350,4,0,0,998697,1
38943.747271,4,0,0,998662,1
38945.582167,4,0,0,998695,1
38950.600352,4,0,0,998785,1
38958.940552,4,0,0,998637,1
38961.663153,4,0,0,998624,1
38962.478606,4,0,0,998634,1
38965.580168,4,0,0,998519,1
38967.494507,4,0,0,998506,1
38968.809721,4,0,0,998506,1
38973.285639,4,0,0,998548,1
38974.436502,4,0,0,998527,1
38977.596248,4,0,0,998630,1
38980.402721,4,0,0,998624,1
38982.571944,4,0,0,998610,1
38984.728286,4,0,0,998495,1
38985.879604,4,0,0,998447,1
38988.073887,4,0,0,998404,1
38988.874460,4,0,0,998340,1
38994.778114,4,0,0,998289,1
39003.097755,4,0,0,998167,1
39004.708130,4,0,0,997958,1
39010.549429,4,0,0,998072,1
39024.293736,4,0,0,998307,1
39024.990502,4,0,0,998324,1
39028.224298,4,0,0,998334,1
39033.346669,4,0,0,998334,1
39036.879266,4,0,0,998118,1
39037.547162,4,0,0,998116,1
39040.013966,4,0,0,998004,1
39042.555495,4,0,0,997930,1
39045.249294,4,0,0,997818,1
39045.855377,4,0,0,997822,1
39047.281559,4,0,0,997981,1
39050.325570,4,0,0,997942,1
39060.412739,4,0,0,998170,1
39067.627643,4,0,0,998237,1
39075.225244,4,0,0,998461,1
39075.246409,4,0,0,998470,1
39084.486340,4,0,0,998198,1
39085.533523,4,0,0,998256,1
39097.685535,4,0,0,998361,1
39098.273489,4,0,0,998318,1
39098.776301,4,0,0,998333,1
39101.338684,4,0,0,998221,1
39109.812247,4,0,0,998257,1
39114.945573,4,0,0,998392,1
39123.722133,4,0,0,998435,1
39125.418369,4,0,0,998357,1
39127.064597,4,0,0,998340,1
39128.249877,4,0,0,998359,1
39138.117907,4,0,0,998496,1
39161.526123,4,0,0,998561,1
39162.164027,4,0,0,998547,1
39165.639868,4,0,0,998498,1
39167.743606,4,0,0,998535,1
39175.311983,4,0,0,998765,1
39185.752436,4,0,0,998884,1
39195.251001,4,0,0,998791,1
39204.331004,4,0,0,998983,1
39207.036299,4,0,0,998976,1
39213.854089,4,0,0,999174,1
39214.150907,4,0,0,999172,1
39215.507338,4,0,0,999237,1
39219.835145,4,0,0,999206,1
39221.328581,4,0,0,999198,1
39234.757075,4,0,0,999466,1
39239.299865,4,0,0,999332,1
39252.459072,4,0,0,999380,1
39266.426142,4,0,0,999278,1
39270.815660,4,0,0,999310,1
39283.975567,4,0,0,999336,1
39286.793308,4,0,0,999532,1
39286.990026,4,0,0,999539,1
39287.256980,4,0,0,999508,1
39289.283636,4,0,0,999480,1
39290.347169,4,0,0,999517,1
39301.053870,4,0,0,999469,1
39301.714680,4,0,0,999498,1
39305.189141,4,0,0,999627,1
39325.956498,4,0,0,999852,1
39348.809987,4,0,0,999591,1
39349.630750,4,0,0,999565,1
39352.191403,4,0,0,999573,1
39357.735921,4,0,0,999365,1
39359.843997,4,0,0,999417,1
39364.956789,4,0,0,999389,1
39365.856267,4,0,0,999381,1
39369.027637,4,0,0,999414,1
39370.435120,4,0,0,999379,1
39379.749947,4,0,0,999612,1
39380.035253,4,0,0,999632,1
39385.732964,4,0,0,999477,1
39392.573502,4,0,0,999486,1
39393.248941,4,0,0,999464,1
39394.057246,4,0,0,999501,1
39402.191087,4,0,0,999609,1
39412.998259,4,0,0,999837,1
39432.188699,4,0,0,999736,1
39438.693207,4,0,0,999702,1
39445.760944,4,0,0,999735,1
39447.109777,4,0,0,999755,1
39455.935882,4,0,0,999661,1
39456.024778,4,0,0,999671,1
39456.764084,4,0,0,999668,1
39458.917333,4,0,0,999488,1
39461.291093,4,0,0,999303,1
39464.017490,4,0,0,999222,1
39473.031263,4,0,0,999454,1
39478.961695,4,0,0,999567,1
39481.822706,4,0,0,999596,1
39488.189605,4,0,0,999546,1
39488.755476,4,0,0,999542,1
39490.274799,4,0,0,999577,1
39496.317599,4,0,0,999531,1
39509.270366,4,0,0,999767,1
39513.428722,4,0,0,999921,1
39514.768423,4,0,0,999985,1
39520.280368,4,0,0,999915,1
39532.025498,4,0,0,999893,1
39533.763879,4,0,0,999889,1
39536.847958,4,0,0,999915,1
39537.563367,4,0,0,999856,1
39546.384458,4,0,0,1000042,1
39550.397305,4,0,0,999953,1
39550.552206,4,0,0,999956,1
39551.574020,4,0,0,999959,1
39565.006871,4,0,0,999922,1
39570.026579,4,0,0,1000052,1
39570.173643,4,0,0,1000059,1
39580.861055,4,0,0,1000206,1
39580.926457,4,0,0,1000216,1
39580.985184,4,0,0,1000208,1
39581.004959,4,0,0,1000217,1
39581.211935,4,0,0,1000244,1
39583.545602,4,0,0,1000169,1
39585.342748,4,0,0,1000152,1
39587.277443,4,0,0,1000130,1
39590.115461,4,0,0,1000157,1
39609.495620,4,0,0,1000258,1
39618.095747,4,0,0,1000597,1
39626.082088,4,0,0,1000478,1
39631.813158,4,0,0,1000441,1
39635.000387,4,0,0,1000550,1
39638.953323,4,0,0,1000667,1
39639.125108,4,0,0,1000652,1
39640.423301,4,0,0,1000698,1
39641.085732,4,0,0,1000683,1
39646.643901,4,0,0,1000756,1
39647.801814,4,0,0,1000791,1
39656.147814,4,0,0,1001039,1
39657.439723,4,0,0,1000951,1
39669.423607,4,0,0,1000811,1
39689.101536,4,0,0,1000931,1
39692.343368,4,0,0,1000834,1
39702.344960,4,0,0,1000744,1
39703.410026,4,0,0,1000792,1
39703.842861,4,0,0,1000764,1
39710.085018,4,0,0,1000689,1
39710.626047,4,0,0,1000689,1
39718.648336,4,0,0,1000477,1
39725.731028,4,0,0,1000763,1
39726.016969,4,0,0,1000732,1
39726.741454,4,0,0,1000649,1
39731.585200,4,0,0,1000634,1
39733.863713,4,0,0,1000598,1
39735.460826,4,0,0,1000647,1
39737.612717,4,0,0,1000724,1
39739.211433,4,0,0,1000628,1
39749.560417,4,0,0,1000452,1
39762.950423,4,0,0,1000263,1
39769.091771,4,0,0,1000537,1
39772.605408,4,0,0,1000526,1
39778.977878,4,0,0,1000722,1
39788.589997,4,0,0,1000731,1
39788.940138,4,0,0,1000732,1
39789.573221,4,0,0,1000675,1
39790.130417,4,0,0,1000674,1
39791.384535,4,0,0,1000731,1
39801.235892,4,0,0,1000748,1
39808.558719,4,0,0,1000802,1
39810.048990,4,0,0,1000823,1
39816.775513,4,0,0,1001137,1
39832.454313,4,0,0,1000974,1
39838.731441,4,0,0,1001066,1
39842.949362,4,0,0,1001137,1
39848.405926,4,0,0,1001218,1
39849.043494,4,0,0,1001288,1
39865.477379,4,0,0,1001165,1
39865.900015,4,0,0,1001146,1
39867.639355,4,0,0,1001157,1
39871.902876,4,0,0,1001221,1
39876.440710,4,0,0,1001084,1
39877.552049,4,0,0,1001080,1
39877.957030,4,0,0,1001065,1
39883.002528,4,0,0,1001226,1
39884.486562,4,0,0,1001322,1
39890.873062,4,0,0,1001324,1
39894.356553,4,0,0,1001417,1
39895.443771,4,0,0,1001316,1
39906.178005,4,0,0,1001239,1
39910.048808,4,0,0,1001101,1
39921.092678,4,0,0,1001061,1
39925.566874,4,0,0,1001151,1
39931.623533,4,0,0,1001077,1
39933.031702,4,0,0,1001076,1
39938.867626,4,0,0,1001310,1
39940.515939,4,0,0,1001342,1
39943.636832,4,0,0,1001587,1
39943.662009,4,0,0,1001586,1
39945.782678,4,0,0,1001450,1
39946.000237,4,0,0,1001462,1
39947.192771,4,0,0,1001448,1
39949.956116,4,0,0,1001327,1
39950.680028,4,0,0,1001289,1
39965.692079,4,0,0,1000937,1
39967.195677,4,0,0,1001063,1
39968.233390,4,0,0,1000982,1
39979.679158,4,0,0,1001299,1
39985.552356,4,0,0,1001253,1
39995.198212,4,0,0,1001263,1
39996.297916,4,0,0,1001280,1
39997.593201,4,0,0,1001337,1
40007.829582,4,0,0,1001056,1
40035.258037,4,0,0,1001085,1
40050.733619,4,0,0,1000675,1
40054.062452,4,0,0,1000711,1
40056.396907,4,0,0,1000664,1
40058.875201,4,0,0,1000640,1
40065.634199,4,0,0,1000799,1
40066.908952,4,0,0,1000695,1
40074.100566,4,0,0,1000684,1
40078.992093,4,0,0,1000736,1
40081.903888,4,0,0,1000752,1
40082.414308,4,0,0,1000823,1
40085.441169,4,0,0,1000867,1
40098.285807,4,0,0,1000669,1
40111.078280,4,0,0,1000589,1
40115.365179,4,0,0,1000569,1
40124.106462,4,0,0,1000715,1
40125.865879,4,0,0,1000769,1
40129.575112,4,0,0,1000800,1
40133.920360,4,0,0,1000847,1
40134.040281,4,0,0,1000853,1
40135.007356,4,0,0,1000872,1
40135.549659,4,0,0,1000885,1
40148.428017,4,0,0,1001230,1
40148.617076,4,0,0,1001252,1
40166.785758,4,0,0,1001439,1
40168.095709,4,0,0,1001479,1
40168.709962,4,0,0,1001510,1
40171.481657,4,0,0,1001389,1
40178.765479,4,0,0,1001453,1
40181.494698,4,0,0,1001381,1
40191.285804,4,0,0,1001660,1
40192.820513,4,0,0,1001673,1
40195.888898,4,0,0,1001697,1
40203.113482,4,0,0,1001908,1
40212.174769,4,0,0,1001774,1
40215.107007,4,0,0,1001654,1
40220.217477,4,0,0,1001697,1
40227.272238,4,0,0,1001758,1
40232.013034,4,0,0,1001820,1
40233.109068,4,0,0,1001805,1
40242.091210,4,0,0,1001847,1
40250.798508,4,0,0,1001760,1
40253.325347,4,0,0,1001647,1
40258.521576,4,0,0,1001725,1
40261.185454,4,0,0,1001732,1
40265.321001,4,0,0,1001592,1
40268.823517,4,0,0,1001452,1
40269.512799,4,0,0,1001404,1
40283.045733,4,0,0,1001463,1
40284.267067,4,0,0,1001410,1
40294.529589,4,0,0,1001450,1
40295.859447,4,0,0,1001370,1
40297.160367,4,0,0,1001354,1
40302.772097,4,0,0,1001399,1
40312.565089,4,0,0,1001258,1
40313.510834,4,0,0,1001223,1
40316.378693,4,0,0,1001108,1
40317.365303,4,0,0,1001159,1
40336.978284,4,0,0,1001040,1
40340.193469,4,0,0,1001041,1
40348.627170,4,0,0,1000779,1
40350.942307,4,0,0,1000732,1
40351.203242,4,0,0,1000733,1
40352.848187,4,0,0,1000778,1
40366.440223,4,0,0,1000787,1
40366.507061,4,0,0,1000764,1
40371.800299,4,0,0,1000756,1
40389.771409,4,0,0,1000746,1
40392.138741,4,0,0,1000775,1
40393.940349,4,0,0,1000808,1
40395.299203,4,0,0,1000753,1
40397.698290,4,0,0,1000747,1
40398.510947,4,0,0,1000775,1
40400.358138,4,0,0,1000827,1
40403.736871,4,0,0,1000740,1
40406.814961,4,0,0,1000672,1
40411.218636,4,0,0,1000697,1
40419.431636,4,0,0,1000641,1
40421.196236,4,0,0,1000622,1
40436.662386,4,0,0,1000783,1
40437.533346,4,0,0,1000789,1
40449.262601,4,0,0,1000884,1
40452.540856,4,0,0,1000938,1
40454.764467,4,0,0,1000857,1
40456.977058,4,0,0,1000911,1
40458.725526,4,0,0,1000908,1
40461.348010,4,0,0,1000776,1
40461.361699,4,0,0,1000777,1
40461.437527,4,0,0,1000781,1
40462.863635,4,0,0,1000802,1
40466.359941,4,0,0,1000752,1
40467.392701,4,0,0,1000802,1
40470.567932,4,0,0,1000731,1
40474.715309,4,0,0,1000689,1
40479.018594,4,0,0,1000800,1
40486.296542,4,0,0,1000863,1
40490.837553,4,0,0,1000886,1
40495.848398,4,0,0,1001077,1
40500.012166,4,0,0,1001051,1
40502.182038,4,0,0,1000914,1
40503.245101,4,0,0,1000925,1
40508.169574,4,0,0,1000878,1
40509.376861,4,0,0,1000859,1
40513.516910,4,0,0,1000765,1
40522.558708,4,0,0,1000608,1
40526.472759,4,0,0,1000544,1
40527.329757,4,0,0,1000562,1
40531.326241,4,0,0,1000443,1
40540.747757,4,0,0,1000516,1
40541.765354,4,0,0,1000489,1
40546.241142,4,0,0,1000504,1
40546.242578,4,0,0,1000507,1
40550.618206,4,0,0,1000456,1
40561.954635,4,0,0,1000489,1
40562.599292,4,0,0,1000483,1
40563.996199,4,0,0,1000541,1
40575.859216,4,0,0,1000279,1
40576.946250,4,0,0,1000300,1
40583.241716,4,0,0,1000237,1
40587.258079,4,0,0,1000101,1
40588.511922,4,0,0,1000049,1
40596.061051,4,0,0,999975,1
40599.126927,4,0,0,999990,1
40607.837567,4,0,0,1000030,1
40611.016534,4,0,0,1000102,1
40618.370751,4,0,0,999982,1
40620.821531,4,0,0,999976,1
40629.832891,4,0,0,999996,1
40637.393449,4,0,0,1000098,1
40640.431718,4,0,0,1000010,1
40641.143248,4,0,0,1000004,1
40641.217626,4,0,0,999983,1
40645.151547,4,0,0,999954,1
40646.083624,4,0,0,999900,1
40651.909306,4,0,0,999798,1
40652.401130,4,0,0,999808,1
40653.554131,4,0,0,999799,1
40653.940699,4,0,0,999777,1
40658.691893,4,0,0,999916,1
40662.070927,4,0,0,1000001,1
40672.224225,4,0,0,999993,1
40689.194998,4,0,0,999853,1
40690.130985,4,0,0,999881,1
40694.435500,4,0,0,999833,1
40704.769763,4,0,0,999806,1
40721.509318,4,0,0,999912,1
40731.165637,4,0,0,999876,1
40732.817971,4,0,0,999732,1
40743.557807,4,0,0,999753,1
40745.474096,4,0,0,999835,1
40750.389763,4,0,0,999872,1
40756.154649,4,0,0,999795,1
40756.460097,4,0,0,999840,1
40757.170124,4,0,0,999787,1
40759.187085,4,0,0,999898,1
40760.244261,4,0,0,999877,1
40760.393307,4,0,0,999850,1
40771.564005,4,0,0,999952,1
40773.095958,4,0,0,999999,1
40776.515742,4,0,0,1000032,1
40778.581358,4,0,0,1000076,1
40789.875569,4,0,0,1000260,1
40802.692232,4,0,0,1000332,1
40804.313782,4,0,0,1000408,1
40810.779385,4,0,0,1000467,1
40813.270947,4,0,0,1000529,1
40814.682592,4,0,0,1000502,1
40819.572199,4,0,0,1000448,1
40819.753774,4,0,0,1000427,1
40823.543045,4,0,0,1000497,1
40839.570952,4,0,0,1000380,1
40845.130566,4,0,0,1000342,1
40846.677023,4,0,0,1000326,1
40869.020836,4,0,0,1000276,1
40876.953479,4,0,0,999940,1
40876.980442,4,0,0,999931,1
40883.634175,4,0,0,999986,1
40890.669373,4,0,0,999753,1
40893.150378,4,0,0,999849,1
40900.347446,4,0,0,999910,1
40908.463470,4,0,0,999835,1
40909.154702,4,0,0,999830,1
40909.470614,4,0,0,999826,1
40918.118758,4,0,0,999930,1
40918.708320,4,0,0,999942,1
40924.594641,4,0,0,1000080,1
40927.498392,4,0,0,1000214,1
40940.726039,4,0,0,1000422,1
40943.870569,4,0,0,1000402,1
40947.011594,4,0,0,1000447,1
40952.493430,4,0,0,1000450,1
40954.787172,4,0,0,1000495,1
40959.621371,4,0,0,1000219,1
40969.396172,4,0,0,999969,1
40971.634066,4,0,0,1000153,1
40971.821993,4,0,0,1000163,1
40973.202029,4,0,0,1000253,1
40982.954341,4,0,0,1000425,1
40987.853910,4,0,0,1000356,1
40992.493170,4,0,0,1000294,1
40994.481168,4,0,0,1000313,1
41002.120007,4,0,0,1000321,1
41003.805538,4,0,0,1000250,1
41004.030258,4,0,0,1000209,1
41021.609213,4,0,0,1000326,1
41022.616840,4,0,0,1000373,1
41023.735646,4,0,0,1000291,1
41027.665506,4,0,0,1000288,1
41029.650251,4,0,0,1000443,1
41035.833174,4,0,0,1000362,1
41041.005962,4,0,0,1000371,1
41057.613589,4,0,0,1000398,1
41066.590888,4,0,0,1000615,1
41069.345816,4,0,0,1000569,1
41078.904281,4,0,0,1000409,1
41083.905975,4,0,0,1000603,1
41089.562312,4,0,0,1000666,1
41106.007322,4,0,0,1000422,1
41107.340579,4,0,0,1000391,1
41114.732685,4,0,0,1000275,1
41119.653385,4,0,0,1000373,1
41124.896472,4,0,0,1000236,1
41127.373570,4,0,0,1000309,1
41128.013121,4,0,0,1000359,1
41136.690404,4,0,0,1000435,1
41137.555962,4,0,0,1000394,1
41142.184358,4,0,0,1000375,1
41145.734877,4,0,0,1000532,1
41147.853349,4,0,0,1000489,1
41148.425337,4,0,0,1000500,1
41153.668896,4,0,0,1000678,1
41159.003681,4,0,0,1000620,1
41166.045060,4,0,0,1000736,1
41167.426012,4,0,0,1000874,1
41177.559651,4,0,0,1001035,1
41179.167477,4,0,0,1001041,1
41184.881016,4,0,0,1001061,1
41188.965553,4,0,0,1000978,1
41191.331961,4,0,0,1001027,1
41192.940308,4,0,0,1001023,1
41193.979878,4,0,0,1000937,1
41199.228534,4,0,0,1000976,1
41207.451051,4,0,0,1000829,1
41209.245352,4,0,0,1000857,1
41210.828318,4,0,0,1000996,1
41211.796736,4,0,0,1000953,1
41220.756999,4,0,0,1000990,1
41238.031254,4,0,0,1001070,1
41239.163588,4,0,0,1001048,1
41242.469422,4,0,0,1001144,1
41245.309521,4,0,0,1001218,1
41249.692105,4,0,0,1001196,1
41252.890102,4,0,0,1001156,1
41254.643207,4,0,0,1001090,1
41263.594157,4,0,0,1001299,1
41265.245358,4,0,0,1001293,1
41267.107415,4,0,0,1001347,1
41271.784710,4,0,0,1001311,1
41273.499776,4,0,0,1001274,1
41275.140950,4,0,0,1001194,1
41278.388091,4,0,0,1001159,1
41283.345749,4,0,0,1001276,1
41286.789514,4,0,0,1001249,1
41293.799051,4,0,0,1001339,1
41294.869827,4,0,0,1001441,1
41298.261492,4,0,0,1001527,1
41308.496994,4,0,0,1001495,1
41311.726585,4,0,0,1001717,1
41326.457520,4,0,0,1001616,1
41331.389744,4,0,0,1001515,1
41331.678389,4,0,0,1001493,1
41332.973916,4,0,0,1001541,1
41337.441764,4,0,0,1001460,1
41340.904149,4,0,0,1001493,1
41347.701399,4,0,0,1001762,1
41348.981620,4,0,0,1001787,1
41356.157492,4,0,0,1001721,1
41363.195380,4,0,0,1001673,1
41365.931604,4,0,0,1001563,1
41371.750025,4,0,0,1001682,1
41386.871779,4,0,0,1002017,1
41394.438418,4,0,0,1002187,1
41394.991265,4,0,0,1002165,1
41403.172404,4,0,0,1002148,1
41407.996922,4,0,0,1001995,1
41408.337542,4,0,0,1002016,1
41410.631632,4,0,0,1001934,1
41433.826413,4,0,0,1001990,1
41442.982190,4,0,0,1002004,1
41443.152336,4,0,0,1002012,1
41444.396664,4,0,0,1001988,1
41449.253795,4,0,0,1001990,1
41449.415638,4,0,0,1001980,1
41452.216843,4,0,0,1001828,1
41456.767688,4,0,0,1001713,1
41461.206829,4,0,0,1001675,1
41471.528456,4,0,0,1001899,1
41475.024462,4,0,0,1002099,1
41477.966176,4,0,0,1002139,1
41479.790999,4,0,0,1002197,1
41482.680689,4,0,0,1002157,1
41483.713258,4,0,0,1002107,1
41484.411829,4,0,0,1002128,1
41484.449846,4,0,0,1002120,1
41486.092663,4,0,0,1002095,1
41494.215074,4,0,0,1002238,1
41494.352582,4,0,0,1002243,1
41500.035771,4,0,0,1002239,1
41512.728583,4,0,0,1002264,1
41521.153351,4,0,0,1002079,1
41526.746614,4,0,0,1002073,1
41530.063742,4,0,0,1002098,1
41534.048223,4,0,0,1002049,1
41537.477631,4,0,0,1002038,1
41539.095124,4,0,0,1002023,1
41542.323515,4,0,0,1002055,1
41544.057651,4,0,0,1002122,1
41556.144975,4,0,0,1002257,1
41558.354364,4,0,0,1002259,1
41559.987073,4,0,0,1002058,1
41563.907554,4,0,0,1002033,1
41566.752518,4,0,0,1002149,1
41570.930301,4,0,0,1002191,1
41573.631890,4,0,0,1002081,1
41578.524252,4,0,0,1002103,1
41578.705864,4,0,0,1002133,1
41588.033966,4,0,0,1001970,1
41592.622913,4,0,0,1001895,1
41596.163263,4,0,0,1002004,1
41597.625339,4,0,0,1001990,1
41601.263717,4,0,0,1001968,1
41603.217494,4,0,0,1002046,1
41604.972836,4,0,0,1002091,1
41605.468978,4,0,0,1002161,1
41607.733345,4,0,0,1002153,1
41611.921982,4,0,0,1002343,1
41628.287596,4,0,0,1002308,1
41631.044087,4,0,0,1002233,1
41636.552286,4,0,0,1002113,1
41640.050856,4,0,0,1001963,1
41640.964361,4,0,0,1001907,1
41641.562895,4,0,0,1001852,1
41642.228474,4,0,0,1001872,1
41642.636561,4,0,0,1001855,1
41643.626863,4,0,0,1001957,1
41648.676723,4,0,0,1001824,1
41650.507129,4,0,0,1001796,1
41650.813227,4,0,0,1001824,1
41656.692787,4,0,0,1001861,1
41663.365005,4,0,0,1001995,1
41673.320699,4,0,0,1001873,1
41680.285510,4,0,0,1001962,1
41689.535171,4,0,0,1001785,1
41697.235897,4,0,0,1001956,1
41702.727767,4,0,0,1001833,1
41706.355894,4,0,0,1001655,1
41712.162322,4,0,0,1001685,1
41718.378788,4,0,0,1001684,1
41725.673670,4,0,0,1001506,1
41732.293211,4,0,0,1001454,1
41736.616093,4,0,0,1001302,1
41737.897365,4,0,0,1001375,1
41743.127503,4,0,0,1001440,1
41745.764690,4,0,0,1001458,1
41755.926900,4,0,0,1001651,1
41763.530535,4,0,0,1001553,1
41765.974078,4,0,0,1001475,1
41771.625117,4,0,0,1001294,1
41775.862067,4,0,0,1001245,1
41777.019827,4,0,0,1001236,1
41785.498978,4,0,0,1000934,1
41792.553828,4,0,0,1001088,1
41802.202335,4,0,0,1000910,1
41803.245380,4,0,0,1000847,1
41804.517278,4,0,0,1000843,1
41806.948543,4,0,0,1000828,1
41820.266399,4,0,0,1001037,1
41841.972316,4,0,0,1001176,1
41846.004688,4,0,0,1001305,1
41858.834770,4,0,0,1001139,1
41860.609011,4,0,0,1001205,1
41878.622555,4,0,0,1001269,1
41880.776956,4,0,0,1001280,1
41883.019830,4,0,0,1001314,1
41887.493536,4,0,0,1001122,1
41888.370779,4,0,0,1001135,1
41897.816267,4,0,0,1000928,1
41909.987084,4,0,0,1001011,1
41914.602026,4,0,0,1001078,1
41915.232824,4,0,0,1001080,1
41918.037030,4,0,0,1001132,1
41919.096355,4,0,0,1001167,1
41919.823270,4,0,0,1001250,1
41925.138436,4,0,0,1001229,1
41926.506419,4,0,0,1001172,1
41928.714936,4,0,0,1001150,1
41930.749966,4,0,0,1001088,1
41939.078989,4,0,0,1000964,1
41947.888239,4,0,0,1001202,1
41948.363237,4,0,0,1001198,1
41949.889896,4,0,0,1001242,1
41953.240314,4,0,0,1001163,1
41960.811142,4,0,0,1001048,1
41960.906851,4,0,0,1001037,1
41964.612640,4,0,0,1001004,1
41964.834854,4,0,0,1001024,1
41968.628041,4,0,0,1001062,1
41981.925838,4,0,0,1000985,1
41982.580625,4,0,0,1001006,1
41983.217032,4,0,0,1000943,1
41986.468893,4,0,0,1000910,1
41987.985265,4,0,0,1000912,1
41988.050043,4,0,0,1000903,1
41988.704672,4,0,0,1000882,1
41996.210279,4,0,0,1000887,1
42009.588679,4,0,0,1000801,1
42028.457907,4,0,0,1000842,1
42031.585885,4,0,0,1000909,1
42032.458862,4,0,0,1000874,1
42037.907897,4,0,0,1000761,1
42052.136936,4,0,0,1000737,1
42054.986287,4,0,0,1000656,1
42056.251697,4,0,0,1000597,1
42062.371195,4,0,0,1000470,1
42063.103304,4,0,0,1000368,1
42063.607943,4,0,0,1000392,1
42068.376286,4,0,0,1000337,1
42068.849065,4,0,0,1000389,1
42069.554236,4,0,0,1000446,1
42083.929166,4,0,0,1000423,1
42088.795763,4,0,0,1000654,1
42126.831327,4,0,0,1000960,1
42134.026816,4,0,0,1000697,1
42134.108653,4,0,0,1000702,1
42135.223188,4,0,0,1000672,1
42135.873615,4,0,0,1000706,1
42139.932883,4,0,0,1000728,1
42151.406237,4,0,0,1000671,1
42159.174389,4,0,0,1000726,1
42166.584684,4,0,0,1000803,1
42172.117390,4,0,0,1000766,1
42173.369261,4,0,0,1000626,1
42187.475240,4,0,0,1000540,1
42187.711887,4,0,0,1000516,1
42189.014935,4,0,0,1000582,1
42192.256606,4,0,0,1000404,1
42201.117367,4,0,0,1000125,1
42210.004849,4,0,0,1000058,1
42210.660640,4,0,0,1000065,1
42217.454323,4,0,0,1000156,1
42219.097384,4,0,0,1000116,1
42226.006112,4,0,0,999836,1
42234.670469,4,0,0,999946,1
42236.931754,4,0,0,999899,1
42242.650742,4,0,0,999871,1
42254.721706,4,0,0,1000078,1
42257.744513,4,0,0,1000073,1
42264.031717,4,0,0,999880,1
42264.080950,4,0,0,999892,1
42264.295728,4,0,0,999850,1
42267.850824,4,0,0,999837,1
42269.493866,4,0,0,999884,1
42270.538259,4,0,0,999967,1
42271.293570,4,0,0,999973,1
42272.759038,4,0,0,999937,1
42274.421592,4,0,0,999943,1
42280.655644,4,0,0,999868,1
42281.320266,4,0,0,999894,1
42286.057221,4,0,0,999849,1
42287.081607,4,0,0,999887,1
42291.768560,4,0,0,999814,1
42292.041850,4,0,0,999812,1
42294.640668,4,0,0,999880,1
42301.381528,4,0,0,1000006,1
42302.647814,4,0,0,1000052,1
42314.342042,4,0,0,1000300,1
42315.578165,4,0,0,1000245,1
42332.180943,4,0,0,1000275,1
42333.987464,4,0,0,1000350,1
42338.637389,4,0,0,1000363,1
42339.395962,4,0,0,1000344,1
42346.690196,4,0,0,1000340,1
42347.617067,4,0,0,1000343,1
42347.771047,4,0,0,1000332,1
42349.870987,4,0,0,1000272,1
42351.507247,4,0,0,1000247,1
42363.659598,4,0,0,1000314,1
42364.861588,4,0,0,1000264,1
42369.653717,4,0,0,1000196,1
42369.935766,4,0,0,1000201,1
42380.713380,4,0,0,1000078,1
42385.514323,4,0,0,999971,1
42388.484262,4,0,0,999833,1
42388.939209,4,0,0,999845,1
42408.183196,4,0,0,1000322,1
42414.840987,4,0,0,1000095,1
42427.312388,4,0,0,1000151,1
42431.427499,4,0,0,999959,1
42434.238133,4,0,0,1000003,1
42434.840659,4,0,0,1000019,1
42434.856901,4,0,0,1000020,1
42437.542968,4,0,0,1000024,1
42440.362726,4,0,0,1000153,1
42441.583583,4,0,0,1000197,1
42443.398452,4,0,0,1000279,1
42444.816837,4,0,0,1000287,1
42446.220952,4,0,0,1000274,1
42458.398213,4,0,0,1000046,1
42465.095228,4,0,0,1000004,1
42467.191370,4,0,0,1000013,1
42470.308887,4,0,0,1000096,1
42481.447578,4,0,0,999986,1
42488.340600,4,0,0,1000064,1
42489.333636,4,0,0,1000011,1
42491.301425,4,0,0,999959,1
42491.591082,4,0,0,999977,1
42493.352003,4,0,0,999930,1
42505.441400,4,0,0,999751,1
42505.505194,4,0,0,999762,1
42516.015529,4,0,0,1000055,1
42522.059511,4,0,0,999885,1
42522.130010,4,0,0,999882,1
42525.515090,4,0,0,999854,1
42527.640569,4,0,0,999842,1
42531.931016,4,0,0,999684,1
42540.413699,4,0,0,999693,1
42550.044160,4,0,0,999523,1
42560.171727,4,0,0,999688,1
42573.074691,4,0,0,999391,1
42584.919838,4,0,0,999286,1
42591.016234,4,0,0,999174,1
42593.550861,4,0,0,999208,1
42598.487630,4,0,0,999468,1
42600.809720,4,0,0,999445,1
42601.982419,4,0,0,999526,1
42604.570026,4,0,0,999447,1
42616.848464,4,0,0,999399,1
42617.833406,4,0,0,999414,1
42617.898006,4,0,0,999407,1
42619.478536,4,0,0,999280,1
42627.409790,4,0,0,999242,1
42633.916487,4,0,0,999366,1
42644.007711,4,0,0,999205,1
42650.217676,4,0,0,999429,1
42654.887374,4,0,0,999472,1
42663.397985,4,0,0,999379,1
42668.049892,4,0,0,999378,1
42675.889576,4,0,0,999416,1
42677.612849,4,0,0,999335,1
42686.953590,4,0,0,999317,1
42687.828788,4,0,0,999317,1
42689.788632,4,0,0,999390,1
42691.173524,4,0,0,999258,1
42699.367513,4,0,0,999161,1
42700.382249,4,0,0,999126,1
42701.066751,4,0,0,999149,1
42703.350205,4,0,0,999213,1
42706.568908,4,0,0,999172,1
42711.145369,4,0,0,999200,1
42712.110500,4,0,0,999201,1
42716.371158,4,0,0,999146,1
42718.574130,4,0,0,999008,1
42724.185298,4,0,0,998929,1
42739.984239,4,0,0,999049,1
42740.840030,4,0,0,999073,1
42748.238556,4,0,0,999053,1
42748.268653,4,0,0,999034,1
42748.321698,4,0,0,999048,1
42749.104191,4,0,0,999060,1
42749.863922,4,0,0,999019,1
42768.739713,4,0,0,998875,1
42769.373878,4,0,0,998852,1
42774.806877,4,0,0,998912,1
42785.462939,4,0,0,998661,1
42791.897675,4,0,0,998703,1
42791.950019,4,0,0,998705,1
42797.071260,4,0,0,998766,1
42801.617560,4,0,0,998850,1
42804.344437,4,0,0,998705,1
42813.371445,4,0,0,999070,1
42817.014788,4,0,0,999026,1
42833.322658,4,0,0,998826,1
42835.821945,4,0,0,998924,1
42839.354659,4,0,0,998925,1
42839.687988,4,0,0,998920,1
42851.323152,4,0,0,999063,1
42863.289856,4,0,0,999365,1
42876.649945,4,0,0,999322,1
42880.457118,4,0,0,999153,1
42883.474827,4,0,0,999235,1
42893.213710,4,0,0,998961,1
42912.157024,4,0,0,998759,1
42918.767825,4,0,0,998799,1
42922.880577,4,0,0,998615,1
42923.005180,4,0,0,998619,1
42950.191792,4,0,0,998166,1
42963.882446,4,0,0,998361,1
42972.519300,4,0,0,998300,1
42974.490872,4,0,0,998294,1
42982.020019,4,0,0,998196,1
42987.704242,4,0,0,998208,1
42988.167962,4,0,0,998203,1
42988.837682,4,0,0,998188,1
42992.386125,4,0,0,998035,1
42996.422644,4,0,0,998068,1
42998.054296,4,0,0,997940,1
43013.077740,4,0,0,997804,1
43013.811376,4,0,0,997786,1
43015.594722,4,0,0,997626,1
43020.150909,4,0,0,997703,1
43020.583461,4,0,0,997697,1
43020.677511,4,0,0,997676,1
43075.617453,4,0,0,998082,1
43079.369955,4,0,0,998059,1
43084.360698,4,0,0,997947,1
43087.656849,4,0,0,997893,1
43091.570859,4,0,0,998053,1
43091.833527,4,0,0,998074,1
43099.285173,4,0,0,998330,1
43102.886122,4,0,0,998164,1
43104.416520,4,0,0,998052,1
43104.514566,4,0,0,998057,1
43105.487352,4,0,0,998103,1
43107.402691,4,0,0,998112,1
43128.919596,4,0,0,998148,1
43139.915624,4,0,0,998307,1
43143.898109,4,0,0,998300,1
43149.776495,4,0,0,998144,1
43151.935125,4,0,0,998156,1
43153.010904,4,0,0,998145,1
43159.630100,4,0,0,998076,1
43161.098155,4,0,0,998162,1
43166.459170,4,0,0,998127,1
43168.015542,4,0,0,998145,1
43172.675854,4,0,0,998001,1
43180.174261,4,0,0,998094,1
43182.821085,4,0,0,998063,1
43183.311853,4,0,0,997998,1
43185.959929,4,0,0,998096,1
43191.953429,4,0,0,998156,1
43198.784204,4,0,0,998039,1
43202.578407,4,0,0,998013,1
43210.430728,4,0,0,997864,1
43221.324820,4,0,0,998000,1
43230.009725,4,0,0,997804,1
43231.816814,4,0,0,997869,1
43235.511391,4,0,0,997948,1
43239.737576,4,0,0,997943,1
43252.480018,4,0,0,998297,1
43258.962151,4,0,0,998214,1
43265.470330,4,0,0,998323,1
43266.558524,4,0,0,998291,1
43267.937396,4,0,0,998305,1
43271.158285,4,0,0,998334,1
43271.905575,4,0,0,998327,1
43276.639653,4,0,0,998297,1
43281.479035,4,0,0,998307,1
43285.047353,4,0,0,998220,1
43289.709262,4,0,0,998310,1
43290.271099,4,0,0,998337,1
43320.450813,4,0,0,998713,1
43326.127000,4,0,0,998775,1
43334.977293,4,0,0,998827,1
43335.317911,4,0,0,998840,1
43336.304707,4,0,0,998774,1
43344.897910,4,0,0,998687,1
43350.610587,4,0,0,998590,1
43356.936363,4,0,0,998306,1
43357.260216,4,0,0,998295,1
43359.048631,4,0,0,998326,1
43364.734914,4,0,0,998332,1
43366.920284,4,0,0,998304,1
43379.202229,4,0,0,998012,1
43382.172179,4,0,0,998041,1
43382.687743,4,0,0,998028,1
43384.290987,4,0,0,998052,1
43386.779023,4,0,0,997892,1
43387.741547,4,0,0,997943,1
43390.285233,4,0,0,997999,1
43399.573002,4,0,0,997947,1
43404.645830,4,0,0,997898,1
43408.517967,4,0,0,998017,1
43411.272876,4,0,0,998038,1
43421.808178,4,0,0,998075,1
43424.950315,4,0,0,997969,1
43429.310026,4,0,0,998142,1
43430.764615,4,0,0,998245,1
43432.074062,4,0,0,998245,1
43432.116553,4,0,0,998259,1
43443.407710,4,0,0,998077,1
43444.752644,4,0,0,998079,1
43461.773910,4,0,0,998219,1
43463.231142,4,0,0,998181,1
43470.404795,4,0,0,998180,1
43475.512888,4,0,0,998238,1
43479.106515,4,0,0,998263,1
43480.089128,4,0,0,998289,1
43488.400178,4,0,0,998297,1
43503.270996,4,0,0,998176,1
43504.098870,4,0,0,998074,1
43505.112811,4,0,0,998085,1
43507.754695,4,0,0,998056,1
43507.996975,4,0,0,998092,1
43508.228913,4,0,0,998101,1
43508.734625,4,0,0,998137,1
43509.503302,4,0,0,998110,1
43509.931018,4,0,0,998115,1
43511.000552,4,0,0,998105,1
43516.004444,4,0,0,998236,1
43520.211233,4,0,0,998323,1
43522.477180,4,0,0,998424,1
43529.675565,4,0,0,998615,1
43530.647660,4,0,0,998624,1
43533.840768,4,0,0,998594,1
43535.073995,4,0,0,998539,1
43540.691236,4,0,0,998505,1
43546.461107,4,0,0,998515,1
43559.950479,4,0,0,998479,1
43560.811138,4,0,0,998583,1
43561.418678,4,0,0,998580,1
43575.584432,4,0,0,998572,1
43576.154045,4,0,0,998579,1
43588.486525,4,0,0,998616,1
43595.825702,4,0,0,998735,1
43596.807012,4,0,0,998786,1
43605.291227,4,0,0,998912,1
43605.429341,4,0,0,998909,1
43609.377322,4,0,0,998840,1
43611.928881,4,0,0,998843,1
43614.002670,4,0,0,998912,1
43621.238811,4,0,0,998760,1
43623.984865,4,0,0,998805,1
43632.164596,4,0,0,998714,1
43632.209773,4,0,0,998713,1
43635.846344,4,0,0,998697,1
43640.727834,4,0,0,998677,1
43642.611767,4,0,0,998722,1
43651.790289,4,0,0,998947,1
43657.219832,4,0,0,998903,1
43658.131911,4,0,0,998909,1
43660.084668,4,0,0,998979,1
43660.733336,4,0,0,998949,1
43664.878549,4,0,0,998989,1
43674.352652,4,0,0,999191,1
43696.975784,4,0,0,999101,1
43700.822169,4,0,0,998980,1
43701.033271,4,0,0,998938,1
43709.030656,4,0,0,998923,1
43712.351199,4,0,0,998731,1
43713.148437,4,0,0,998706,1
43713.749755,4,0,0,998678,1
43720.665980,4,0,0,998753,1
43720.890074,4,0,0,998760,1
43722.632121,4,0,0,998655,1
43731.474531,4,0,0,998468,1
43736.174837,4,0,0,998528,1
43739.782741,4,0,0,998590,1
43751.631062,4,0,0,998796,1
43754.915240,4,0,0,998832,1
43757.827615,4,0,0,998886,1
43771.864796,4,0,0,999213,1
43772.049789,4,0,0,999185,1
43776.309036,4,0,0,999257,1
43783.406476,4,0,0,999251,1
43787.314181,4,0,0,999206,1
43788.293320,4,0,0,999185,1
43790.482516,4,0,0,999280,1
43796.081003,4,0,0,999096,1
43803.172012,4,0,0,999188,1
43805.224726,4,0,0,999261,1
43806.120645,4,0,0,999347,1
43806.827590,4,0,0,999345,1
43812.042222,4,0,0,999276,1
43819.089457,4,0,0,999076,1
43845.737210,4,0,0,999140,1
43851.873248,4,0,0,999018,1
43858.676106,4,0,0,999029,1
43858.759366,4,0,0,999027,1
43862.002149,4,0,0,999066,1
43867.463598,4,0,0,999049,1
43867.662547,4,0,0,999046,1
43869.371057,4,0,0,999127,1
43872.604032,4,0,0,999135,1
43878.369589,4,0,0,999287,1
43878.382453,4,0,0,999282,1
43878.715189,4,0,0,999295,1
43880.134017,4,0,0,999317,1
43881.711302,4,0,0,999290,1
43881.942212,4,0,0,999263,1
43882.473258,4,0,0,999228,1
43883.801277,4,0,0,999248,1
43900.915894,4,0,0,999452,1
43925.962680,4,0,0,999520,1
43930.881460,4,0,0,999669,1
43944.693389,4,0,0,999714,1
43962.133447,4,0,0,999692,1
43972.052809,4,0,0,999702,1
43988.072434,4,0,0,999866,1
43990.393615,4,0,0,999956,1
43992.409023,4,0,0,999830,1
43992.476111,4,0,0,999834,1
43993.806494,4,0,0,999842,1
43998.134421,4,0,0,999939,1
43999.357583,4,0,0,999958,1
44004.497868,4,0,0,999888,1
44007.459314,4,0,0,999748,1
44009.809799,4,0,0,999646,1
44010.703041,4,0,0,999543,1
44015.349681,4,0,0,999768,1
44024.520645,4,0,0,999776,1
44026.363008,4,0,0,999758,1
44033.501634,4,0,0,999736,1
44045.687076,4,0,0,999751,1
44059.770890,4,0,0,999767,1
44061.019535,4,0,0,999713,1
44066.405831,4,0,0,999767,1
44068.407943,4,0,0,999730,1
44074.202063,4,0,0,999787,1
44089.753423,4,0,0,999788,1
44090.425918,4,0,0,999818,1
44094.059494,4,0,0,999844,1
44095.703400,4,0,0,999741,1
44096.572106,4,0,0,999718,1
44099.967013,4,0,0,999791,1
44100.446043,4,0,0,999794,1
44109.703738,4,0,0,999875,1
44110.114666,4,0,0,999863,1
44110.689934,4,0,0,999893,1
44111.873817,4,0,0,999855,1
44114.544811,4,0,0,999942,1
44124.656517,4,0,0,999935,1
44135.772538,4,0,0,999796,1
44140.453626,4,0,0,999856,1
44147.532240,4,0,0,999884,1
44155.863356,4,0,0,999789,1
44159.842242,4,0,0,999581,1
44160.960165,4,0,0,999613,1
44162.673061,4,0,0,999657,1
44165.280033,4,0,0,999669,1
44166.581344,4,0,0,999599,1
44166.875946,4,0,0,999585,1
44175.131046,4,0,0,999686,1
44177.016901,4,0,0,999622,1
44180.215433,4,0,0,999547,1
44182.083748,4,0,0,999501,1
44187.658846,4,0,0,999631,1
44190.797906,4,0,0,999557,1
44191.626516,4,0,0,999493,1
44200.589196,4,0,0,999518,1
44203.439397,4,0,0,999618,1
44203.463230,4,0,0,999609,1
44204.925344,4,0,0,999642,1
44205.474195,4,0,0,999668,1
44205.722714,4,0,0,999653,1
44212.604133,4,0,0,999636,1
44217.354783,4,0,0,999640,1
44218.823836,4,0,0,999636,1
44218.878795,4,0,0,999625,1
44225.313907,4,0,0,999797,1
44226.954592,4,0,0,999684,1
44232.823071,4,0,0,999601,1
44245.845529,4,0,0,999551,1
44247.506054,4,0,0,999637,1
44251.368835,4,0,0,999537,1
44252.374592,4,0,0,999593,1
44256.374050,4,0,0,999547,1
44264.844501,4,0,0,999428,1
44271.731836,4,0,0,999229,1
44285.951721,4,0,0,999416,1
44289.740040,4,0,0,999300,1
44294.915356,4,0,0,999301,1
44298.819588,4,0,0,999295,1
44299.366867,4,0,0,999318,1
44302.101283,4,0,0,999243,1
44302.672179,4,0,0,999270,1
44304.868461,4,0,0,999283,1
44310.511164,4,0,0,999322,1
44312.970747,4,0,0,999227,1
44325.661844,4,0,0,999448,1
44328.352519,4,0,0,999479,1
44328.521209,4,0,0,999484,1
44334.398487,4,0,0,999550,1
44335.802662,4,0,0,999410,1
44337.131002,4,0,0,999437,1
44338.978616,4,0,0,999597,1
44339.518947,4,0,0,999544,1
44344.926406,4,0,0,999605,1
44354.349382,4,0,0,999858,1
44357.099765,4,0,0,999857,1
44357.115550,4,0,0,999856,1
44366.556878,4,0,0,999912,1
44367.816934,4,0,0,999893,1
44370.600493,4,0,0,1000027,1
44371.928038,4,0,0,1000066,1
44372.207709,4,0,0,1000054,1
44375.842812,4,0,0,1000129,1
44376.221051,4,0,0,1000093,1
44376.716108,4,0,0,1000081,1
44386.344350,4,0,0,999906,1
44386.833763,4,0,0,999924,1
44390.734695,4,0,0,999948,1
44390.919763,4,0,0,999938,1
44396.892319,4,0,0,999925,1
44397.293737,4,0,0,999888,1
44398.608870,4,0,0,999877,1
44405.663683,4,0,0,999641,1
44408.588953,4,0,0,999580,1
44409.114251,4,0,0,999573,1
44410.648569,4,0,0,999487,1
44412.332991,4,0,0,999463,1
44414.882883,4,0,0,999461,1
44417.858633,4,0,0,999386,1
44419.228069,4,0,0,999492,1
44427.939046,4,0,0,999368,1
44429.032919,4,0,0,999342,1
44429.259516,4,0,0,999297,1
44433.893301,4,0,0,999473,1
44438.662888,4,0,0,999588,1
44439.108221,4,0,0,999515,1
44450.427375,4,0,0,999588,1
44455.659164,4,0,0,999574,1
44458.894541,4,0,0,999651,1
44461.098547,4,0,0,999504,1
44465.135146,4,0,0,999376,1
44465.734180,4,0,0,999341,1
44472.097005,4,0,0,999420,1
44482.137480,4,0,0,999486,1
44482.597911,4,0,0,999448,1
44487.031221,4,0,0,999364,1
44497.872326,4,0,0,999304,1
44505.399249,4,0,0,999334,1
44524.480477,4,0,0,999720,1
44534.398265,4,0,0,999735,1
44535.590677,4,0,0,999743,1
44537.278105,4,0,0,999764,1
44548.351354,4,0,0,999747,1
44551.505552,4,0,0,999899,1
44553.962205,4,0,0,999951,1
44559.849102,4,0,0,999911,1
44561.681639,4,0,0,999911,1
44564.498370,4,0,0,999905,1
44567.290577,4,0,0,1000035,1
44568.147195,4,0,0,999934,1
44568.456964,4,0,0,999958,1
44573.899813,4,0,0,1000009,1
44574.215733,4,0,0,999996,1
44575.491759,4,0,0,999939,1
44583.239926,4,0,0,999903,1
44587.015140,4,0,0,999824,1
44589.211633,4,0,0,999871,1
44591.241890,4,0,0,999814,1
44591.647944,4,0,0,999929,1
44591.816951,4,0,0,999924,1
44592.915045,4,0,0,999881,1
44596.069729,4,0,0,999823,1
44605.157939,4,0,0,999741,1
44609.771967,4,0,0,999795,1
44611.668972,4,0,0,999845,1
44614.829897,4,0,0,999873,1
44616.418791,4,0,0,999829,1
44616.455210,4,0,0,999828,1
44616.960044,4,0,0,999849,1
44617.118531,4,0,0,999883,1
44617.272758,4,0,0,999866,1
44623.168232,4,0,0,999965,1
44627.489654,4,0,0,999971,1
44627.777302,4,0,0,999950,1
44632.293521,4,0,0,999879,1
44632.532424,4,0,0,999926,1
44636.486654,4,0,0,999978,1
44637.966155,4,0,0,999933,1
44647.415944,4,0,0,999891,1
44648.730334,4,0,0,999897,1
44656.178955,4,0,0,999881,1
44668.016626,4,0,0,999705,1
44670.960796,4,0,0,999615,1
44676.979391,4,0,0,999691,1
44683.721874,4,0,0,999634,1
44685.933203,4,0,0,999556,1
44691.574219,4,0,0,999663,1
44700.932058,4,0,0,999458,1
44704.744198,4,0,0,999464,1
44704.958629,4,0,0,999455,1
44709.800153,4,0,0,999498,1
44728.328719,4,0,0,999572,1
44730.458386,4,0,0,999447,1
44731.413797,4,0,0,999490,1
44732.969100,4,0,0,999485,1
44741.432904,4,0,0,999474,1
44742.350720,4,0,0,999587,1
44742.410943,4,0,0,999581,1
44743.559180,4,0,0,999576,1
44745.212138,4,0,0,999598,1
44746.243297,4,0,0,999605,1
44746.673303,4,0,0,999580,1
44751.273324,4,0,0,999639,1
44753.143485,4,0,0,999643,1
44755.522765,4,0,0,999507,1
44760.488479,4,0,0,999609,1
44764.032377,4,0,0,999553,1
44767.750315,4,0,0,999646,1
44769.305147,4,0,0,999659,1
44773.138019,4,0,0,999769,1
44774.951826,4,0,0,999632,1
44779.635401,4,0,0,999580,1
44795.097386,4,0,0,999388,1
44802.300619,4,0,0,999326,1
44805.706556,4,0,0,999454,1
44806.716778,4,0,0,999432,1
44807.030876,4,0,0,999498,1
44830.113280,4,0,0,999256,1
44836.512780,4,0,0,999282,1
44843.037714,4,0,0,999381,1
44848.216330,4,0,0,999286,1
44848.634198,4,0,0,999292,1
44855.499299,4,0,0,999437,1
44870.452465,4,0,0,999711,1
44871.666364,4,0,0,999793,1
44874.293124,4,0,0,999889,1
44875.299992,4,0,0,999818,1
44886.148391,4,0,0,999989,1
44889.962831,4,0,0,999951,1
44908.522710,4,0,0,999800,1
44909.741422,4,0,0,999757,1
44916.905480,4,0,0,999687,1
44917.954657,4,0,0,999662,1
44919.759537,4,0,0,999516,1
44921.015029,4,0,0,999553,1
44922.138818,4,0,0,999620,1
44929.195662,4,0,0,999773,1
44934.978943,4,0,0,999855,1
44936.366554,4,0,0,999887,1
44938.947601,4,0,0,999889,1
44943.420490,4,0,0,1000046,1
44943.761228,4,0,0,1000058,1
44945.322206,4,0,0,1000101,1
44956.019016,4,0,0,999985,1
44988.995270,4,0,0,999862,1
44989.367871,4,0,0,999828,1
44990.437621,4,0,0,999826,1
44991.654112,4,0,0,999858,1
44994.701587,4,0,0,999804,1
44995.549779,4,0,0,999883,1
45022.621950,4,0,0,999985,1
45023.301533,4,0,0,999938,1
45026.781296,4,0,0,1000034,1
45028.735835,4,0,0,999983,1
45033.121346,4,0,0,1000013,1
45034.181631,4,0,0,1000012,1
45035.848100,4,0,0,999937,1
45040.492591,4,0,0,999922,1
45044.020882,4,0,0,999928,1
45051.063163,4,0,0,999884,1
45053.851423,4,0,0,1000001,1
45056.219548,4,0,0,1000010,1
45056.899423,4,0,0,1000092,1
45058.631927,4,0,0,1000040,1
45077.972227,4,0,0,999933,1
45078.339569,4,0,0,999930,1
45079.521840,4,0,0,999953,1
45080.020806,4,0,0,999967,1
45086.263739,4,0,0,1000159,1
45089.347843,4,0,0,1000258,1
45091.247388,4,0,0,1000163,1
45092.793073,4,0,0,1000127,1
45098.652202,4,0,0,1000240,1
45102.436223,4,0,0,1000195,1
45108.417641,4,0,0,1000194,1
45111.542200,4,0,0,1000180,1
45111.792091,4,0,0,1000173,1
45112.691081,4,0,0,1000159,1
45116.698367,4,0,0,1000189,1
45119.968351,4,0,0,1000205,1
45119.980364,4,0,0,1000198,1
45122.437858,4,0,0,1000340,1
45126.204970,4,0,0,1000417,1
45127.408328,4,0,0,1000527,1
45128.634595,4,0,0,1000478,1
45136.949958,4,0,0,1000694,1
45142.981391,4,0,0,1000551,1
45143.046519,4,0,0,1000547,1
45147.656050,4,0,0,1000532,1
45167.019740,4,0,0,1000273,1
45168.106731,4,0,0,1000358,1
45174.088723,4,0,0,1000522,1
45174.511297,4,0,0,1000504,1
45174.686979,4,0,0,1000497,1
45178.101614,4,0,0,1000503,1
45178.143951,4,0,0,1000515,1
45182.588432,4,0,0,1000421,1
45185.324372,4,0,0,1000445,1
45187.211438,4,0,0,1000406,1
45194.781044,4,0,0,1000444,1
45202.853767,4,0,0,1000284,1
45205.003395,4,0,0,1000262,1
45208.217043,4,0,0,1000267,1
45212.283550,4,0,0,1000220,1
45220.842588,4,0,0,1000115,1
45222.456253,4,0,0,1000121,1
45223.632620,4,0,0,1000069,1
45230.928617,4,0,0,1000256,1
45231.821482,4,0,0,1000229,1
45232.127535,4,0,0,1000196,1
45254.452884,4,0,0,1000266,1
45258.254449,4,0,0,1000326,1
45259.579219,4,0,0,1000253,1
45272.948755,4,0,0,1000425,1
45278.024454,4,0,0,1000343,1
45285.708352,4,0,0,1000019,1
45304.426680,4,0,0,999960,1
45317.821093,4,0,0,1000188,1
45318.429902,4,0,0,1000169,1
45320.270050,4,0,0,1000214,1
45324.385485,4,0,0,1000158,1
45327.493507,4,0,0,1000108,1
45331.994560,4,0,0,1000236,1
45337.773230,4,0,0,1000063,1
45339.686638,4,0,0,1000041,1
45357.814983,4,0,0,999852,1
45371.520143,4,0,0,1000044,1
45371.546538,4,0,0,1000025,1
45374.662399,4,0,0,1000196,1
45380.168075,4,0,0,1000240,1
45384.388039,4,0,0,1000212,1
45402.927876,4,0,0,1000120,1
45410.041977,4,0,0,1000172,1
45411.565974,4,0,0,1000160,1
45414.566534,4,0,0,1000095,1
45416.537716,4,0,0,1000000,1
45420.734015,4,0,0,999848,1
45425.172892,4,0,0,999943,1
45425.830209,4,0,0,999912,1
45429.371677,4,0,0,999873,1
45430.996032,4,0,0,999831,1
45435.161156,4,0,0,999940,1
45437.219698,4,0,0,999994,1
45439.562074,4,0,0,999959,1
45439.763892,4,0,0,999949,1
45443.408163,4,0,0,999964,1
45443.750564,4,0,0,999925,1
45444.035919,4,0,0,999928,1
45445.843748,4,0,0,999895,1
45449.578100,4,0,0,999907,1
45451.000922,4,0,0,999905,1
45453.812229,4,0,0,999829,1
45455.921740,4,0,0,999944,1
45458.308416,4,0,0,999885,1
45461.437864,4,0,0,999952,1
45463.651417,4,0,0,999956,1
45475.857701,4,0,0,999740,1
45480.724799,4,0,0,999836,1
45482.394432,4,0,0,999864,1
45483.109776,4,0,0,999848,1
45485.593645,4,0,0,999884,1
45496.145801,4,0,0,1000089,1
45496.776135,4,0,0,1000087,1
45497.745018,4,0,0,1000166,1
45497.982072,4,0,0,1000190,1
45504.162905,4,0,0,1000205,1
45506.675830,4,0,0,1000067,1
45511.945435,4,0,0,999819,1
45516.036332,4,0,0,999821,1
45518.724321,4,0,0,999801,1
45521.433980,4,0,0,999841,1
45531.091453,4,0,0,999672,1
45535.987604,4,0,0,999984,1
45536.302913,4,0,0,999952,1
45536.489173,4,0,0,999957,1
45543.447082,4,0,0,999971,1
45555.557939,4,0,0,999906,1
45558.432414,4,0,0,999961,1
45569.639642,4,0,0,999820,1
45573.262490,4,0,0,999735,1
45574.216317,4,0,0,999751,1
45574.602425,4,0,0,999806,1
45576.561712,4,0,0,999907,1
45579.241547,4,0,0,1000015,1
45586.649707,4,0,0,1000314,1
45587.703516,4,0,0,1000322,1
45591.601916,4,0,0,1000148,1
45591.693093,4,0,0,1000166,1
45601.419993,4,0,0,1000356,1
45602.867526,4,0,0,1000400,1
45612.439382,4,0,0,1000500,1
45616.574786,4,0,0,1000529,1
45618.814493,4,0,0,1000587,1
45619.615737,4,0,0,1000558,1
45624.792647,4,0,0,1000564,1
45625.601477,4,0,0,1000560,1
45628.107308,4,0,0,1000650,1
45629.588337,4,0,0,1000717,1
45634.298889,4,0,0,1000855,1
45640.333448,4,0,0,1000839,1
45647.284612,4,0,0,1000757,1
45659.234372,4,0,0,1000845,1
45659.251995,4,0,0,1000838,1
45664.988004,4,0,0,1000777,1
45668.215036,4,0,0,1000771,1
45675.570255,4,0,0,1000788,1
45676.980282,4,0,0,1000784,1
45681.931001,4,0,0,1000710,1
45682.314705,4,0,0,1000761,1
45683.649922,4,0,0,1000757,1
45695.277348,4,0,0,1001027,1
45699.531198,4,0,0,1000878,1
45699.632144,4,0,0,1000905,1
45705.676134,4,0,0,1000746,1
45706.980007,4,0,0,1000742,1
45708.388675,4,0,0,1000967,1
45713.705245,4,0,0,1000987,1
45718.594888,4,0,0,1001124,1
45725.167297,4,0,0,1001016,1
45735.599285,4,0,0,1001231,1
45736.729741,4,0,0,1001230,1
45741.023213,4,0,0,1001390,1
45742.065911,4,0,0,1001259,1
45743.600870,4,0,0,1001314,1
45750.049273,4,0,0,1001309,1
45767.436405,4,0,0,1001399,1
45770.536923,4,0,0,1001332,1
45772.770003,4,0,0,1001308,1
45776.202634,4,0,0,1001285,1
45793.909061,4,0,0,1001275,1
45795.475858,4,0,0,1001306,1
45798.317479,4,0,0,1001186,1
45798.977246,4,0,0,1001201,1
45806.363681,4,0,0,1001475,1
45808.308008,4,0,0,1001486,1
45811.909267,4,0,0,1001291,1
45817.573854,4,0,0,1001204,1
45824.987236,4,0,0,1001070,1
45826.018294,4,0,0,1000977,1
45841.395875,4,0,0,1001029,1
45842.177728,4,0,0,1000982,1
45843.316296,4,0,0,1000964,1
45843.371503,4,0,0,1000965,1
45850.110900,4,0,0,1000883,1
45854.094927,4,0,0,1000971,1
45862.967670,4,0,0,1000921,1
45863.815448,4,0,0,1000879,1
45867.573616,4,0,0,1000910,1
45871.863992,4,0,0,1000960,1
45871.956993,4,0,0,999385,1
45876.119744,4,0,0,999406,1
45884.245491,4,0,0,999215,1
45887.534627,4,0,0,999213,1
45890.908125,4,0,0,999167,1
45891.632230,4,0,0,999164,1
45892.691168,4,0,0,999094,1
45899.952991,4,0,0,999006,1
45916.436678,4,0,0,998993,1
45919.224968,4,0,0,999169,1
45931.512501,4,0,0,998955,1
45937.019284,4,0,0,999098,1
45937.300458,4,0,0,999103,1
45940.650388,4,0,0,999059,1
45944.085425,4,0,0,999265,1
45946.229691,4,0,0,999284,1
45953.465391,4,0,0,999443,1
45956.094899,4,0,0,999349,1
45965.243901,4,0,0,999297,1
45970.004009,4,0,0,999320,1
45974.417833,4,0,0,999374,1
45974.713502,4,0,0,999377,1
45983.828408,4,0,0,999357,1
45986.516308,4,0,0,999271,1
45992.835255,4,0,0,999332,1
45997.778044,4,0,0,999402,1
46001.449475,4,0,0,999348,1
46009.271650,4,0,0,999416,1
46010.025208,4,0,0,999422,1
46012.229968,4,0,0,999447,1
46016.209584,4,0,0,999539,1
46016.293414,4,0,0,999534,1
46021.221789,4,0,0,999690,1
46024.384461,4,0,0,999671,1
46024.900020,4,0,0,999616,1
46025.968144,4,0,0,999684,1
46033.813794,4,0,0,999711,1
46044.161712,4,0,0,999795,1
46050.762415,4,0,0,999789,1
46056.626600,4,0,0,999958,1
46059.209098,4,0,0,1000036,1
46070.637797,4,0,0,999893,1
46081.248288,4,0,0,999723,1
46092.928072,4,0,0,999696,1
46095.265919,4,0,0,999625,1
46095.316038,4,0,0,999607,1
46098.709696,4,0,0,999434,1
46099.009509,4,0,0,999483,1
46100.567813,4,0,0,999467,1
46106.026718,4,0,0,999379,1
46120.379285,4,0,0,999520,1
46129.329731,4,0,0,999485,1
46130.217858,4,0,0,999530,1
46136.959682,4,0,0,999588,1
46137.198306,4,0,0,999593,1
46138.896690,4,0,0,999629,1
46145.264833,4,0,0,999474,1
46159.774154,4,0,0,999452,1
46172.101078,4,0,0,999598,1
46174.233405,4,0,0,999469,1
46176.869243,4,0,0,999472,1
46183.944692,4,0,0,999445,1
46194.417374,4,0,0,999424,1
46198.222579,4,0,0,999467,1
46203.817520,4,0,0,999354,1
46204.446307,4,0,0,999388,1
46205.401840,4,0,0,999404,1
46205.562304,4,0,0,999401,1
46208.017515,4,0,0,999402,1
46215.767871,4,0,0,999646,1
46218.044557,4,0,0,999706,1
46220.618566,4,0,0,999655,1
46222.606983,4,0,0,999726,1
46225.823444,4,0,0,999714,1
46226.807708,4,0,0,999752,1
46228.147825,4,0,0,999698,1
46234.224192,4,0,0,999766,1
46245.195940,4,0,0,999761,1
46247.572875,4,0,0,999654,1
46249.757108,4,0,0,999628,1
46261.555354,4,0,0,999565,1
46273.775244,4,0,0,999510,1
46282.170139,4,0,0,999430,1
46289.150744,4,0,0,999589,1
46293.608679,4,0,0,999652,1
46302.070637,4,0,0,999362,1
46307.927127,4,0,0,999445,1
46312.004324,4,0,0,999350,1
46312.283972,4,0,0,999308,1
46312.492029,4,0,0,999326,1
46317.319052,4,0,0,999270,1
46318.630820,4,0,0,999339,1
46319.081167,4,0,0,999326,1
46320.025326,4,0,0,999373,1
46320.179850,4,0,0,999371,1
46322.922899,4,0,0,999528,1
46323.223684,4,0,0,999500,1
46337.717499,4,0,0,999486,1
46345.494008,4,0,0,999405,1
46347.934292,4,0,0,999219,1
46353.824916,4,0,0,999246,1
46369.006327,4,0,0,999155,1
46369.390095,4,0,0,999177,1
46369.738992,4,0,0,999200,1
46374.047380,4,0,0,999206,1
46375.611549,4,0,0,999269,1
46380.632199,4,0,0,999347,1
46384.824202,4,0,0,999338,1
46385.055123,4,0,0,999309,1
46388.094950,4,0,0,999383,1
46391.763150,4,0,0,999331,1
46392.988701,4,0,0,999328,1
46419.508992,4,0,0,999044,1
46430.118457,4,0,0,998855,1
46433.666332,4,0,0,998999,1
46434.239859,4,0,0,998979,1
46447.109271,4,0,0,999353,1
46448.858515,4,0,0,999296,1
46448.997467,4,0,0,999292,1
46449.791910,4,0,0,999313,1
46450.756756,4,0,0,999436,1
46451.376680,4,0,0,999419,1
46452.242279,4,0,0,999413,1
46452.698562,4,0,0,999389,1
46456.226328,4,0,0,999301,1
46465.041092,4,0,0,999389,1
46467.043461,4,0,0,999446,1
46473.507508,4,0,0,999493,1
46480.916194,4,0,0,999482,1
46490.311794,4,0,0,999513,1
46491.252199,4,0,0,999541,1
46493.512055,4,0,0,999539,1
46498.243571,4,0,0,999418,1
46498.923789,4,0,0,999419,1
46503.263652,4,0,0,999277,1
46513.350728,4,0,0,999267,1
46514.413079,4,0,0,999201,1
46514.713841,4,0,0,999236,1
46518.565503,4,0,0,999232,1
46526.543556,4,0,0,999131,1
46532.310968,4,0,0,999168,1
46532.527227,4,0,0,999143,1
46539.085058,4,0,0,999325,1
46544.357229,4,0,0,999326,1
46548.100519,4,0,0,999399,1
46549.710352,4,0,0,999386,1
46560.591632,4,0,0,999779,1
46564.468084,4,0,0,999937,1
46565.057289,4,0,0,999917,1
46571.082046,4,0,0,1000080,1
46573.492031,4,0,0,1000086,1
46575.724817,4,0,0,1000150,1
46577.156247,4,0,0,1000294,1
46592.850686,4,0,0,1000469,1
46596.516231,4,0,0,1000442,1
46599.486976,4,0,0,1000516,1
46599.559842,4,0,0,1000492,1
46603.653193,4,0,0,1000538,1
46609.497950,4,0,0,1000466,1
46609.738158,4,0,0,1000475,1
46610.268644,4,0,0,1000477,1
46621.800729,4,0,0,1000325,1
46622.346181,4,0,0,1000439,1
46625.971672,4,0,0,1000371,1
46626.837535,4,0,0,1000351,1
46634.312247,4,0,0,1000181,1
46637.570354,4,0,0,1000233,1
46654.783152,4,0,0,999843,1
46659.830639,4,0,0,999831,1
46670.974336,4,0,0,999853,1
46670.990983,4,0,0,999852,1
46682.311396,4,0,0,999943,1
46684.984357,4,0,0,999987,1
46686.458981,4,0,0,1000080,1
46706.349518,4,0,0,999890,1
46720.508877,4,0,0,999815,1
46724.334836,4,0,0,999887,1
46736.628028,4,0,0,999734,1
46737.891354,4,0,0,999750,1
46747.292591,4,0,0,999748,1
46748.677119,4,0,0,999774,1
46756.032948,4,0,0,999660,1
46759.190148,4,0,0,999655,1
46769.266140,4,0,0,999482,1
46769.527376,4,0,0,999470,1
46769.739827,4,0,0,999459,1
46775.733307,4,0,0,999281,1
46776.652919,4,0,0,999265,1
46777.032892,4,0,0,999280,1
46781.804994,4,0,0,999160,1
46785.537120,4,0,0,999208,1
46787.611887,4,0,0,999198,1
46791.970271,4,0,0,999297,1
46804.979989,4,0,0,999263,1
46807.221890,4,0,0,999239,1
46808.341113,4,0,0,999174,1
46809.498546,4,0,0,999160,1
46815.433164,4,0,0,999357,1
46816.927947,4,0,0,999429,1
46818.043832,4,0,0,999405,1
46829.611032,4,0,0,999370,1
46830.718927,4,0,0,999414,1
46840.909760,4,0,0,999423,1
46850.183933,4,0,0,999464,1
46851.962405,4,0,0,999494,1
46858.494466,4,0,0,999314,1
46877.958137,4,0,0,999010,1
46893.916566,4,0,0,998717,1
46901.066620,4,0,0,998619,1
46901.227236,4,0,0,998609,1
46904.859009,4,0,0,998491,1
46905.938340,4,0,0,998443,1
46907.833224,4,0,0,998462,1
46913.036216,4,0,0,998520,1
46921.296807,4,0,0,998530,1
46928.017320,4,0,0,998388,1
46930.436712,4,0,0,998429,1
46930.717531,4,0,0,998427,1
46930.943076,4,0,0,998439,1
46936.825605,4,0,0,998774,1
46937.720577,4,0,0,998782,1
46960.239023,4,0,0,998478,1
46966.054860,4,0,0,998502,1
46968.143219,4,0,0,998541,1
46970.796004,4,0,0,998579,1
46972.583074,4,0,0,998505,1
46980.492777,4,0,0,998405,1
46983.197559,4,0,0,998416,1
46989.103898,4,0,0,998573,1
46990.856291,4,0,0,998554,1
46991.835191,4,0,0,998511,1
47003.742475,4,0,0,998752,1
47004.129452,4,0,0,998749,1
47013.208161,4,0,0,998906,1
47013.660455,4,0,0,998866,1
47014.534449,4,0,0,998841,1
47024.653975,4,0,0,998955,1
47024.825928,4,0,0,998984,1
47025.615441,4,0,0,998986,1
47027.361104,4,0,0,998956,1
47031.945729,4,0,0,999055,1
47033.747831,4,0,0,999064,1
47037.047838,4,0,0,999105,1
47037.833812,4,0,0,999159,1
47052.032536,4,0,0,999387,1
47054.838448,4,0,0,999439,1
47060.896745,4,0,0,999213,1
47062.077649,4,0,0,999154,1
47074.993659,4,0,0,998821,1
47081.043491,4,0,0,998737,1
47086.312995,4,0,0,999029,1
47088.233703,4,0,0,999001,1
47094.364930,4,0,0,998974,1
47106.584764,4,0,0,998989,1
47108.935432,4,0,0,999022,1
47112.497702,4,0,0,998879,1
47117.095427,4,0,0,998908,1
47120.629400,4,0,0,998903,1
47124.933083,4,0,0,998921,1
47126.226968,4,0,0,998935,1
47129.506702,4,0,0,998940,1
47136.209222,4,0,0,998920,1
47136.230167,4,0,0,998932,1
47136.905146,4,0,0,998949,1
47137.704278,4,0,0,998964,1
47158.431042,4,0,0,999279,1
47159.833568,4,0,0,999351,1
47173.176109,4,0,0,999189,1
47186.794489,4,0,0,999251,1
47188.573899,4,0,0,999317,1
47195.208331,4,0,0,999588,1
47198.041867,4,0,0,999485,1
47199.543403,4,0,0,999465,1
47208.799665,4,0,0,999368,1
47210.147271,4,0,0,999503,1
47215.459242,4,0,0,999497,1
47216.312282,4,0,0,999503,1
47218.708552,4,0,0,999400,1
47224.432162,4,0,0,999651,1
47236.256633,4,0,0,999617,1
47238.663124,4,0,0,999683,1
47238.867788,4,0,0,999655,1
47239.944077,4,0,0,999689,1
47240.138943,4,0,0,999678,1
47242.921119,4,0,0,999617,1
47243.707361,4,0,0,999607,1
47246.351424,4,0,0,999643,1
47248.163543,4,0,0,999755,1
47249.001381,4,0,0,999781,1
47249.241801,4,0,0,999757,1
47250.290772,4,0,0,999781,1
47253.201072,4,0,0,999842,1
47256.242382,4,0,0,999868,1
47256.337384,4,0,0,999858,1
47262.546624,4,0,0,999721,1
47278.484000,4,0,0,999474,1
47279.417722,4,0,0,999492,1
47279.917721,4,0,0,999467,1
47285.089086,4,0,0,999542,1
47287.704778,4,0,0,999530,1
47289.464724,4,0,0,999566,1
47290.293712,4,0,0,999538,1
47290.314021,4,0,0,999543,1
47293.028178,4,0,0,999529,1
47306.206910,4,0,0,999190,1
47322.889963,4,0,0,999140,1
47326.910707,4,0,0,999222,1
47329.510976,4,0,0,999077,1
47331.922534,4,0,0,999162,1
47335.733873,4,0,0,999174,1
47337.837342,4,0,0,999295,1
47352.616747,4,0,0,999278,1
47364.716411,4,0,0,998885,1
47365.953879,4,0,0,998887,1
47368.054856,4,0,0,998884,1
47371.998091,4,0,0,998877,1
47374.021659,4,0,0,998789,1
47375.599703,4,0,0,998823,1
47390.517400,4,0,0,998886,1
47391.350209,4,0,0,998860,1
47397.756851,4,0,0,998841,1
47407.386287,4,0,0,998670,1
47411.633429,4,0,0,998697,1
47411.646960,4,0,0,998699,1
47413.505842,4,0,0,998758,1
47414.870796,4,0,0,998723,1
47420.881791,4,0,0,998766,1
47421.253553,4,0,0,998804,1
47424.682141,4,0,0,998895,1
47430.979675,4,0,0,998974,1
47444.763715,4,0,0,999205,1
47450.434636,4,0,0,999263,1
47456.891244,4,0,0,999274,1
47460.058674,4,0,0,999294,1
47461.793325,4,0,0,999239,1
47472.253463,4,0,0,999212,1
47472.276023,4,0,0,999211,1
47476.233102,4,0,0,999336,1
47478.939816,4,0,0,999394,1
47482.739232,4,0,0,999332,1
47488.253267,4,0,0,999538,1
47497.452991,4,0,0,999541,1
47497.583908,4,0,0,999558,1
47498.735625,4,0,0,999638,1
47499.599492,4,0,0,999685,1
47501.652903,4,0,0,999650,1
47502.173880,4,0,0,999672,1
47504.419005,4,0,0,999642,1
47505.469276,4,0,0,999615,1
47511.861167,4,0,0,999617,1
47515.163396,4,0,0,999541,1
47518.661785,4,0,0,999638,1
47520.148367,4,0,0,999662,1
47521.235191,4,0,0,999648,1
47528.754298,4,0,0,999592,1
47529.683158,4,0,0,999551,1
47534.982251,4,0,0,999706,1
47545.688042,4,0,0,999484,1
47546.024408,4,0,0,999463,1
47565.885311,4,0,0,999224,1
47577.410705,4,0,0,999130,1
47589.006619,4,0,0,998912,1
47591.494663,4,0,0,999008,1
47591.831395,4,0,0,999053,1
47597.790167,4,0,0,999144,1
47601.890873,4,0,0,998978,1
47608.466471,4,0,0,998960,1
47609.808222,4,0,0,998930,1
47610.174962,4,0,0,998935,1
47613.765585,4,0,0,999051,1
47618.995202,4,0,0,999202,1
47621.793534,4,0,0,999243,1
47633.318352,4,0,0,999023,1
47641.994640,4,0,0,999044,1
47642.312255,4,0,0,999034,1
47642.357035,4,0,0,999028,1
47643.222834,4,0,0,999063,1
47649.564477,4,0,0,998994,1
47655.159907,4,0,0,998990,1
47671.821208,4,0,0,998830,1
47677.229130,4,0,0,999042,1
47677.445004,4,0,0,999019,1
47682.772918,4,0,0,998831,1
47703.483954,4,0,0,998843,1
47704.095301,4,0,0,998871,1
47706.998315,4,0,0,998814,1
47712.325635,4,0,0,998797,1
47713.400911,4,0,0,998856,1
47714.282861,4,0,0,998810,1
47716.413743,4,0,0,998744,1
47718.010878,4,0,0,998713,1
47722.923374,4,0,0,998775,1
47723.024567,4,0,0,998771,1
47727.031334,4,0,0,998853,1
47734.958082,4,0,0,998890,1
47744.167116,4,0,0,998754,1
47748.430288,4,0,0,998769,1
47750.297324,4,0,0,998741,1
47751.078418,4,0,0,998708,1
47751.828362,4,0,0,998774,1
47754.913269,4,0,0,998943,1
47759.448055,4,0,0,998896,1
47761.704504,4,0,0,998954,1
47781.692693,4,0,0,998965,1
47798.060643,4,0,0,998909,1
47800.263948,4,0,0,998957,1
47800.658408,4,0,0,998926,1
47804.778450,4,0,0,999036,1
47808.514402,4,0,0,999132,1
47824.180293,4,0,0,999020,1
47828.386817,4,0,0,999170,1
47830.331374,4,0,0,999083,1
47838.215420,4,0,0,999124,1
47839.954693,4,0,0,999189,1
47849.189047,4,0,0,999477,1
47853.172684,4,0,0,999676,1
47856.122948,4,0,0,999655,1
47858.094238,4,0,0,999611,1
47860.078726,4,0,0,999644,1
47860.959564,4,0,0,999650,1
47863.485667,4,0,0,999577,1
47870.801669,4,0,0,999505,1
47873.748408,4,0,0,999560,1
47878.006198,4,0,0,999681,1
47895.235464,4,0,0,999834,1
47896.655360,4,0,0,999934,1
47908.535604,4,0,0,1000270,1
47912.965718,4,0,0,1000131,1
47917.106474,4,0,0,1000058,1
47917.569484,4,0,0,1000086,1
47923.001648,4,0,0,1000017,1
47927.881273,4,0,0,999757,1
47932.588891,4,0,0,999932,1
47937.735394,4,0,0,999744,1
47942.589782,4,0,0,999670,1
47944.380215,4,0,0,999564,1
47945.046924,4,0,0,999641,1
47946.696745,4,0,0,999685,1
47948.230116,4,0,0,999740,1
47949.110505,4,0,0,999675,1
47949.413887,4,0,0,999719,1
47950.169379,4,0,0,999732,1
47950.827414,4,0,0,999709,1
47962.527628,4,0,0,999743,1
47964.653738,4,0,0,999758,1
47967.661704,4,0,0,999664,1
47974.663548,4,0,0,999521,1
47979.525892,4,0,0,999579,1
47984.735943,4,0,0,999598,1
47991.899248,4,0,0,999838,1
47992.456739,4,0,0,999861,1
47992.853886,4,0,0,999873,1
47996.287108,4,0,0,999822,1
48012.143357,4,0,0,999534,1
48016.242288,4,0,0,999715,1
48023.171655,4,0,0,999808,1
48024.193650,4,0,0,999760,1
48024.329221,4,0,0,999732,1
48025.501937,4,0,0,999718,1
48032.583575,4,0,0,999723,1
48033.513152,4,0,0,999772,1
48035.777424,4,0,0,999808,1
48049.039425,4,0,0,999783,1
48065.657269,4,0,0,999982,1
48080.952262,4,0,0,1000407,1
48083.996071,4,0,0,1000395,1
48089.823069,4,0,0,1000422,1
48092.481263,4,0,0,1000401,1
48093.379848,4,0,0,1000392,1
48097.893234,4,0,0,1000376,1
48099.645073,4,0,0,1000439,1
48106.698437,4,0,0,1000643,1
48109.610910,4,0,0,1000584,1
48130.510413,4,0,0,1000416,1
48137.294375,4,0,0,1000474,1
48137.633721,4,0,0,1000448,1
48144.048938,4,0,0,1000124,1
48144.227036,4,0,0,1000109,1
48156.139144,4,0,0,999863,1
48156.185708,4,0,0,999871,1
48156.365249,4,0,0,999856,1
48156.671413,4,0,0,999884,1
48159.605186,4,0,0,999928,1
48160.372812,4,0,0,999933,1
48160.480324,4,0,0,999926,1
48164.721621,4,0,0,999784,1
48168.272908,4,0,0,999663,1
48176.051950,4,0,0,999671,1
48176.527688,4,0,0,999666,1
48176.971058,4,0,0,999645,1
48182.547067,4,0,0,999628,1
48208.957036,4,0,0,999535,1
48232.967613,4,0,0,999855,1
48233.734211,4,0,0,999868,1
48236.522170,4,0,0,999765,1
48241.495338,4,0,0,999689,1
48249.251966,4,0,0,999486,1
48249.508111,4,0,0,999509,1
48252.132490,4,0,0,999328,1
48252.308733,4,0,0,999321,1
48260.387684,4,0,0,999131,1
48269.057157,4,0,0,999083,1
48281.925470,4,0,0,999024,1
48282.726692,4,0,0,999045,1
48287.330822,4,0,0,999273,1
48292.501673,4,0,0,999240,1
48294.875511,4,0,0,999371,1
48296.165784,4,0,0,999376,1
48296.380306,4,0,0,999336,1
48297.848281,4,0,0,999329,1
48299.780284,4,0,0,999253,1
48308.603257,4,0,0,999459,1
48308.619134,4,0,0,999473,1
48311.741704,4,0,0,999537,1
48323.397402,4,0,0,999741,1
48323.673761,4,0,0,999737,1
48329.493709,4,0,0,999587,1
48329.679384,4,0,0,999618,1
48330.389575,4,0,0,999663,1
48331.364157,4,0,0,999563,1
48337.803627,4,0,0,999488,1
48349.939185,4,0,0,999046,1
48363.832855,4,0,0,999320,1
48364.165421,4,0,0,999278,1
48368.891025,4,0,0,999428,1
48371.464673,4,0,0,999482,1
48376.420268,4,0,0,999374,1
48380.319911,4,0,0,999326,1
48386.129367,4,0,0,999274,1
48388.443852,4,0,0,999283,1
48390.998727,4,0,0,999365,1
48391.824065,4,0,0,999396,1
48392.580364,4,0,0,999434,1
48395.525689,4,0,0,999319,1
48399.965810,4,0,0,999407,1
48404.666619,4,0,0,999520,1
48404.683817,4,0,0,999521,1
48406.695027,4,0,0,999471,1
48408.204969,4,0,0,999581,1
48408.758537,4,0,0,999625,1
48418.537857,4,0,0,999620,1
48422.105146,4,0,0,999680,1
48426.877210,4,0,0,999798,1
48427.484437,4,0,0,999806,1
48433.295871,4,0,0,999881,1
48433.779294,4,0,0,999843,1
48436.257034,4,0,0,999863,1
48437.058446,4,0,0,999903,1
48437.204969,4,0,0,999871,1
48441.160333,4,0,0,999842,1
48445.152128,4,0,0,999851,1
48445.480164,4,0,0,999838,1
48451.229578,4,0,0,999956,1
48453.367989,4,0,0,999912,1
48454.485636,4,0,0,999930,1
48456.649439,4,0,0,1000008,1
48467.554907,4,0,0,1000030,1
48473.222717,4,0,0,1000083,1
48487.094791,4,0,0,999747,1
48495.173052,4,0,0,999485,1
48500.346064,4,0,0,999425,1
48501.953795,4,0,0,999500,1
48504.330962,4,0,0,999499,1
48507.334980,4,0,0,999589,1
48512.527813,4,0,0,999501,1
48512.544105,4,0,0,999508,1
48520.889422,4,0,0,999431,1
48523.567989,4,0,0,999427,1
48532.473949,4,0,0,999424,1
48533.867586,4,0,0,999361,1
48534.709124,4,0,0,999334,1
48535.066674,4,0,0,999381,1
48544.589196,4,0,0,999438,1
48558.556307,4,0,0,999107,1
48559.562627,4,0,0,999166,1
48560.661054,4,0,0,999126,1
48562.663159,4,0,0,999097,1
48567.455791,4,0,0,998971,1
48568.076620,4,0,0,998988,1
48570.282523,4,0,0,999041,1
48572.851740,4,0,0,998999,1
48576.528749,4,0,0,998966,1
48581.173202,4,0,0,998982,1
48604.664985,4,0,0,998795,1
48608.337174,4,0,0,999031,1
48613.845442,4,0,0,998867,1
48614.386054,4,0,0,998906,1
48615.714894,4,0,0,999025,1
48617.364788,4,0,0,998973,1
48629.996675,4,0,0,998713,1
48639.595632,4,0,0,998628,1
48651.512772,4,0,0,998465,1
48653.655234,4,0,0,998356,1
48653.671196,4,0,0,998349,1
48660.770936,4,0,0,998392,1
48661.176732,4,0,0,998412,1
48662.619659,4,0,0,998378,1
48664.810201,4,0,0,998496,1
48669.474290,4,0,0,998445,1
48671.163479,4,0,0,998452,1
48672.936713,4,0,0,998415,1
48673.631910,4,0,0,998452,1
48681.001871,4,0,0,998476,1
48682.850515,4,0,0,998408,1
48684.472614,4,0,0,998471,1
48693.565260,4,0,0,998421,1
48704.350146,4,0,0,998280,1
48704.754229,4,0,0,998328,1
48705.188226,4,0,0,998379,1
48705.447900,4,0,0,998396,1
48710.444355,4,0,0,998555,1
48710.708612,4,0,0,998538,1
48718.186817,4,0,0,998408,1
48729.862645,4,0,0,998314,1
48733.471910,4,0,0,998495,1
48734.418561,4,0,0,998623,1
48739.028671,4,0,0,998839,1
48739.262527,4,0,0,998828,1
48739.740776,4,0,0,998811,1
48742.899054,4,0,0,998803,1
48745.336205,4,0,0,998759,1
48751.234690,4,0,0,998848,1
48754.829041,4,0,0,998813,1
48767.625908,4,0,0,998805,1
48772.804201,4,0,0,998855,1
48774.299013,4,0,0,998914,1
48775.314116,4,0,0,998840,1
48784.145529,4,0,0,998925,1
48791.813266,4,0,0,998794,1
48796.311061,4,0,0,998780,1
48803.129783,4,0,0,998735,1
48806.347295,4,0,0,998817,1
48826.312722,4,0,0,998732,1
48841.868515,4,0,0,998858,1
48845.675490,4,0,0,998776,1
48856.106993,4,0,0,998608,1
48856.271872,4,0,0,998611,1
48863.232264,4,0,0,998630,1
48866.031033,4,0,0,998681,1
48868.927597,4,0,0,998821,1
48869.580631,4,0,0,998823,1
48869.817752,4,0,0,998817,1
48869.865020,4,0,0,998822,1
48873.571044,4,0,0,998974,1
48874.529062,4,0,0,998925,1
48879.438990,4,0,0,998760,1
48882.578150,4,0,0,998746,1
48886.353187,4,0,0,998694,1
48886.668748,4,0,0,998678,1
48896.333238,4,0,0,998995,1
48902.397711,4,0,0,999014,1
48915.970496,4,0,0,998719,1
48925.913441,4,0,0,998644,1
48927.496721,4,0,0,998603,1
48928.882948,4,0,0,998648,1
48930.349820,4,0,0,998688,1
48938.815725,4,0,0,998603,1
48938.956412,4,0,0,998597,1
48945.018178,4,0,0,998727,1
48948.718042,4,0,0,998668,1
48953.462821,4,0,0,998685,1
48958.367196,4,0,0,998625,1
48958.518454,4,0,0,998643,1
48966.335450,4,0,0,998736,1
48966.860830,4,0,0,998749,1
48979.200368,4,0,0,998557,1
48982.611093,4,0,0,998526,1
48987.599565,4,0,0,998560,1
48991.873568,4,0,0,998546,1
48994.060545,4,0,0,998461,1
48999.140731,4,0,0,998503,1
49005.897152,4,0,0,998594,1
49010.792799,4,0,0,998456,1
49010.871564,4,0,0,998451,1
49015.765536,4,0,0,998351,1
49015.855445,4,0,0,998331,1
49024.485701,4,0,0,998462,1
49039.245340,4,0,0,998636,1
49044.698541,4,0,0,998545,1
49055.691308,4,0,0,998303,1
49057.097749,4,0,0,998401,1
49064.882299,4,0,0,998305,1
49065.411752,4,0,0,998280,1
49073.206921,4,0,0,998450,1
49078.719109,4,0,0,998209,1
49084.332463,4,0,0,998137,1
49091.522051,4,0,0,997961,1
49108.836235,4,0,0,998271,1
49111.891795,4,0,0,998400,1
49120.291174,4,0,0,998313,1
49127.575377,4,0,0,998544,1
49128.540828,4,0,0,998597,1
49130.589540,4,0,0,998634,1
49131.507637,4,0,0,998675,1
49144.106295,4,0,0,998490,1
49151.402112,4,0,0,998324,1
49167.490147,4,0,0,998641,1
49169.371345,4,0,0,998704,1
49169.624570,4,0,0,998697,1
49172.559222,4,0,0,998679,1
49173.107442,4,0,0,998695,1
49182.529935,4,0,0,998753,1
49182.790701,4,0,0,998769,1
49193.072022,4,0,0,998979,1
49196.298771,4,0,0,998896,1
49203.004095,4,0,0,998914,1
49205.416522,4,0,0,998974,1
49210.008910,4,0,0,999021,1
49212.483548,4,0,0,999173,1
49217.215135,4,0,0,999168,1
49225.454525,4,0,0,999180,1
49225.704352,4,0,0,999209,1
49237.812323,4,0,0,999029,1
49240.827402,4,0,0,998927,1
49262.785005,4,0,0,999223,1
49266.757624,4,0,0,999263,1
49270.279490,4,0,0,999229,1
49279.378501,4,0,0,999385,1
49283.366349,4,0,0,999220,1
49288.046394,4,0,0,999220,1
49288.800298,4,0,0,999187,1
49291.811201,4,0,0,999244,1
49292.687934,4,0,0,999248,1
49300.849481,4,0,0,999196,1
49304.697017,4,0,0,999204,1
49305.344877,4,0,0,999217,1
49305.471956,4,0,0,999175,1
49305.524203,4,0,0,999167,1
49307.016717,4,0,0,999158,1
49307.164618,4,0,0,999208,1
49310.443946,4,0,0,999060,1
49312.814345,4,0,0,999126,1
49313.103386,4,0,0,999096,1
49313.613801,4,0,0,999114,1
49314.388016,4,0,0,999125,1
49317.470853,4,0,0,999176,1
49321.514744,4,0,0,999089,1
49323.258816,4,0,0,999103,1
49335.601684,4,0,0,999042,1
49336.776182,4,0,0,998989,1
49342.053409,4,0,0,999059,1
49343.167829,4,0,0,999114,1
49344.893912,4,0,0,999031,1
49350.282181,4,0,0,999002,1
49352.826398,4,0,0,999004,1
49354.261079,4,0,0,998960,1
49355.768761,4,0,0,998955,1
49356.738259,4,0,0,998875,1
49356.801377,4,0,0,998882,1
49357.831591,4,0,0,998848,1
49358.152749,4,0,0,998860,1
49358.238913,4,0,0,998846,1
49362.998646,4,0,0,998788,1
49366.928657,4,0,0,998706,1
49370.094526,4,0,0,998614,1
49379.481653,4,0,0,998562,1
49379.592296,4,0,0,998534,1
49380.611330,4,0,0,998572,1
49384.379798,4,0,0,998630,1
49384.545116,4,0,0,998649,1
49387.585988,4,0,0,998499,1
49388.562099,4,0,0,998455,1
49391.701954,4,0,0,998467,1
49394.412563,4,0,0,998311,1
49394.712913,4,0,0,998326,1
49397.497218,4,0,0,998332,1
49401.844343,4,0,0,998338,1
49405.738968,4,0,0,998462,1
49414.540414,4,0,0,998292,1
49419.377715,4,0,0,998211,1
49422.405645,4,0,0,998129,1
49431.233982,4,0,0,997842,1
49435.336093,4,0,0,997970,1
49437.760879,4,0,0,997920,1
49438.661687,4,0,0,997895,1
49451.740934,4,0,0,998055,1
49456.940157,4,0,0,998294,1
49457.419498,4,0,0,998237,1
49464.792146,4,0,0,998197,1
49466.161783,4,0,0,998218,1
49481.617736,4,0,0,998203,1
49511.114439,4,0,0,998092,1
49515.099457,4,0,0,998343,1
49520.030144,4,0,0,998489,1
49520.940670,4,0,0,998513,1
49536.136933,4,0,0,998394,1
49536.970910,4,0,0,998408,1
49548.636379,4,0,0,998406,1
49548.664848,4,0,0,998401,1
49549.820160,4,0,0,998354,1
49557.635875,4,0,0,998160,1
49562.313827,4,0,0,998170,1
49577.044228,4,0,0,997919,1
49586.911132,4,0,0,998206,1
49591.691781,4,0,0,998103,1
49592.614640,4,0,0,998056,1
49605.972373,4,0,0,998246,1
49613.457084,4,0,0,998465,1
49616.160822,4,0,0,998550,1
49617.402550,4,0,0,998571,1
49620.366902,4,0,0,998684,1
49624.145233,4,0,0,998717,1
49632.389605,4,0,0,998547,1
49650.754568,4,0,0,998509,1
49656.532717,4,0,0,998535,1
49659.415179,4,0,0,998503,1
49675.506193,4,0,0,998565,1
49680.366378,4,0,0,998282,1
49686.116334,4,0,0,998396,1
49687.509800,4,0,0,998371,1
49689.227333,4,0,0,998407,1
49689.771213,4,0,0,998307,1
49692.470081,4,0,0,998201,1
49695.065207,4,0,0,998128,1
49697.754943,4,0,0,998097,1
49700.761664,4,0,0,998312,1
49706.873218,4,0,0,998367,1
49713.717605,4,0,0,998439,1
49714.931494,4,0,0,998435,1
49725.212959,4,0,0,998540,1
49727.651219,4,0,0,998623,1
49733.157169,4,0,0,998650,1
49746.219244,4,0,0,998802,1
49747.350004,4,0,0,998834,1
49752.068751,4,0,0,998968,1
49763.874711,4,0,0,998752,1
49766.566273,4,0,0,998823,1
49769.913196,4,0,0,998791,1
49771.433379,4,0,0,998737,1
49772.671450,4,0,0,998753,1
49773.125187,4,0,0,998733,1
49773.922810,4,0,0,998792,1
49778.963858,4,0,0,998859,1
49783.895973,4,0,0,999052,1
49793.961057,4,0,0,999082,1
49794.518454,4,0,0,999137,1
49795.055173,4,0,0,999096,1
49798.485520,4,0,0,999016,1
49798.503904,4,0,0,999012,1
49802.678759,4,0,0,999161,1
49808.175710,4,0,0,999016,1
49815.782257,4,0,0,998934,1
49817.567194,4,0,0,998966,1
49829.715913,4,0,0,999216,1
49832.344953,4,0,0,999309,1
49837.900026,4,0,0,999314,1
49838.830894,4,0,0,999283,1
49839.845583,4,0,0,999248,1
49843.081768,4,0,0,999227,1
49843.372734,4,0,0,999275,1
49843.920391,4,0,0,999267,1
49844.775416,4,0,0,999194,1
49845.705920,4,0,0,999207,1
49846.266571,4,0,0,999195,1
49847.812122,4,0,0,999067,1
49852.727153,4,0,0,999146,1
49860.162291,4,0,0,999103,1
49863.995987,4,0,0,999106,1
49866.018920,4,0,0,999038,1
49867.856755,4,0,0,999088,1
49870.242195,4,0,0,999309,1
49871.843300,4,0,0,999318,1
49880.359414,4,0,0,999248,1
49888.014408,4,0,0,999311,1
49906.511118,4,0,0,999089,1
49908.933689,4,0,0,999088,1
49917.165701,4,0,0,999074,1
49920.138078,4,0,0,999169,1
49930.917455,4,0,0,999111,1
49933.557705,4,0,0,999197,1
49938.415901,4,0,0,999076,1
49938.656276,4,0,0,999084,1
49941.336189,4,0,0,999096,1
49944.745233,4,0,0,999152,1
49947.051724,4,0,0,999250,1
49955.784194,4,0,0,999230,1
49957.205998,4,0,0,999322,1
49960.739471,4,0,0,999219,1
49973.288487,4,0,0,999164,1
49978.987388,4,0,0,999140,1
49986.362981,4,0,0,999035,1
49987.161096,4,0,0,998998,1
49990.194910,4,0,0,998991,1
49991.799089,4,0,0,999117,1
50000.086986,4,0,0,998991,1
50000.810999,4,0,0,998885,1
50003.951447,4,0,0,998862,1
50009.041202,4,0,0,998981,1
50011.302784,4,0,0,998820,1
50016.405423,4,0,0,998830,1
50019.344852,4,0,0,998968,1
50031.260213,4,0,0,999124,1
50042.449634,4,0,0,999004,1
50058.049095,4,0,0,999213,1
50059.310416,4,0,0,999248,1
50059.570631,4,0,0,999225,1
50071.262667,4,0,0,999253,1
50073.766375,4,0,0,999259,1
50074.280179,4,0,0,999318,1
50078.624810,4,0,0,999463,1
50082.111555,4,0,0,999608,1
50084.259236,4,0,0,999478,1
50084.484606,4,0,0,999464,1
50085.692241,4,0,0,999406,1
50087.313596,4,0,0,999328,1
50095.486771,4,0,0,999411,1
50101.688395,4,0,0,999476,1
50103.963663,4,0,0,999513,1
50120.470412,4,0,0,999380,1
50133.484847,4,0,0,999862,1
50138.421022,4,0,0,999892,1
50139.119971,4,0,0,999889,1
50142.349868,4,0,0,999932,1
50143.343714,4,0,0,999978,1
50146.687079,4,0,0,999999,1
50147.589975,4,0,0,999998,1
50150.694839,4,0,0,999977,1
50153.870218,4,0,0,999960,1
50162.420162,4,0,0,1000264,1
50167.533996,4,0,0,1000324,1
50168.052860,4,0,0,1000304,1
50173.478897,4,0,0,1000227,1
50175.615672,4,0,0,1000215,1
50188.754044,4,0,0,1000559,1
50192.054700,4,0,0,1000672,1
50196.685098,4,0,0,1000679,1
50199.891937,4,0,0,1000766,1
50202.536085,4,0,0,1000758,1
50208.899983,4,0,0,1000740,1
50212.404807,4,0,0,1000713,1
50220.637735,4,0,0,1000779,1
50224.929071,4,0,0,1000640,1
50228.570336,4,0,0,1000637,1
50230.864288,4,0,0,1000454,1
50241.082384,4,0,0,1000464,1
50242.990425,4,0,0,1000580,1
50247.188827,4,0,0,1000674,1
50248.015866,4,0,0,1000650,1
50255.047797,4,0,0,1000688,1
50258.921003,4,0,0,1000652,1
50277.344005,4,0,0,1000517,1
50281.018421,4,0,0,1000623,1
50284.233451,4,0,0,1000611,1
50285.836749,4,0,0,1000760,1
50286.534661,4,0,0,1000789,1
50291.329940,4,0,0,1000880,1
50292.495252,4,0,0,1000910,1
50295.693614,4,0,0,1000812,1
50297.357708,4,0,0,1000720,1
50304.561288,4,0,0,1000647,1
50328.780434,4,0,0,1000618,1
50329.409167,4,0,0,1000619,1
50337.655320,4,0,0,1000534,1
50362.080447,4,0,0,1000914,1
50368.444302,4,0,0,1000748,1
50376.203597,4,0,0,1000671,1
50384.147256,4,0,0,1000603,1
50384.405517,4,0,0,1000603,1
50398.097261,4,0,0,1000683,1
50400.448721,4,0,0,1000752,1
50406.221441,4,0,0,1000954,1
50415.875692,4,0,0,1000538,1
50417.569578,4,0,0,1000530,1
50422.239941,4,0,0,1000580,1
50422.826378,4,0,0,1000598,1
50440.575691,4,0,0,1000554,1
50443.684153,4,0,0,1000502,1
50446.714917,4,0,0,1000527,1
50447.133617,4,0,0,1000471,1
50449.276551,4,0,0,1000411,1
50450.233898,4,0,0,1000345,1
50451.531568,4,0,0,1000413,1
50454.083174,4,0,0,1000334,1
50460.547253,4,0,0,1000309,1
50476.295248,4,0,0,1000191,1
50476.569520,4,0,0,1000177,1
50484.905578,4,0,0,1000400,1
50494.769060,4,0,0,1000376,1
50496.044505,4,0,0,1000447,1
50500.889910,4,0,0,1000648,1
50501.862765,4,0,0,1000572,1
50512.662932,4,0,0,1000458,1
50515.393465,4,0,0,1000597,1
50515.857548,4,0,0,1000551,1
50517.203049,4,0,0,1000427,1
50519.890436,4,0,0,1000395,1
50520.793703,4,0,0,1000332,1
50525.307447,4,0,0,1000266,1
50530.337265,4,0,0,1000350,1
50532.024141,4,0,0,1000262,1
50532.413189,4,0,0,1000221,1
50535.903369,4,0,0,1000124,1
50547.971387,4,0,0,1000404,1
50559.193714,4,0,0,1000347,1
50565.609149,4,0,0,1000314,1
50567.822324,4,0,0,1000281,1
50570.036164,4,0,0,1000350,1
50572.395519,4,0,0,1000459,1
50573.980729,4,0,0,1000368,1
50575.116228,4,0,0,1000435,1
50577.401935,4,0,0,1000482,1
50596.341921,4,0,0,1000632,1
50596.613142,4,0,0,1000647,1
50601.043618,4,0,0,1000579,1
50601.664180,4,0,0,1000611,1
50601.892170,4,0,0,1000611,1
50602.010409,4,0,0,1000599,1
50605.594895,4,0,0,1000497,1
50622.669793,4,0,0,1000664,1
50627.513521,4,0,0,1000721,1
50628.509863,4,0,0,1000649,1
50644.264083,4,0,0,1000753,1
50646.977989,4,0,0,1000762,1
50650.334834,4,0,0,1000782,1
50654.448881,4,0,0,1000742,1
50658.130422,4,0,0,1000651,1
50659.118295,4,0,0,1000681,1
50666.413562,4,0,0,1000519,1
50675.270957,4,0,0,1000312,1
50677.134505,4,0,0,1000400,1
50678.430266,4,0,0,1000403,1
50687.020113,4,0,0,1000263,1
