34199.000000,1,0,100,999000,1
34199.000000,1,0,100,999100,1
34199.000000,1,0,100,999200,1
34199.000000,1,0,100,999300,1
34199.000000,1,0,100,999400,1
34199.000000,1,0,100,999500,1
34199.000000,1,0,100,999600,1
34199.000000,1,0,100,999700,1
34199.000000,1,0,100,999800,1
34199.000000,1,0,100,999900,1
34199.000000,1,0,100,1000100,-1
34199.000000,1,0,100,1000200,-1
34199.000000,1,0,100,1000300,-1
34199.000000,1,0,100,1000400,-1
34199.000000,1,0,100,1000500,-1
34199.000000,1,0,100,1000600,-1
34199.000000,1,0,100,1000700,-1
34199.000000,1,0,100,1000800,-1
34199.000000,1,0,100,1000900,-1
34199.000000,1,0,100,1001000,-1
34200.000000,4,0,0,1000000,1
34207.235766,4,0,0,1000004,1
34209.993740,4,0,0,1000038,1
34216.138040,4,0,0,999940,1
34234.379649,4,0,0,999941,1
34238.075853,4,0,0,999941,1
34241.399820,4,0,0,999781,1
34241.757262,4,0,0,999812,1
34243.251369,4,0,0,999849,1
34246.563489,4,0,0,999792,1
34251.998497,4,0,0,999773,1
34259.781819,4,0,0,999844,1
34262.074091,4,0,0,999824,1
34262.400138,4,0,0,999817,1
34264.024774,4,0,0,999725,1
34275.513214,4,0,0,999820,1
34276.660494,4,0,0,999827,1
34279.536650,4,0,0,999850,1
34292.330985,4,0,0,999579,1
34292.451510,4,0,0,999608,1
34296.837944,4,0,0,999625,1
34311.169940,4,0,0,999554,1
34312.421144,4,0,0,999668,1
34316.221998,4,0,0,999664,1
34327.685907,4,0,0,999421,1
34328.369026,4,0,0,999405,1
34331.911503,4,0,0,999191,1
34338.545833,4,0,0,999328,1
34343.830969,4,0,0,999282,1
34346.845463,4,0,0,999219,1
34347.941151,4,0,0,999276,1
34351.166922,4,0,0,999129,1
34353.393579,4,0,0,999169,1
34356.495517,4,0,0,998989,1
34358.672967,4,0,0,998941,1
34367.370908,4,0,0,998769,1
34374.367933,4,0,0,998966,1
34376.169371,4,0,0,999086,1
34380.232821,4,0,0,999054,1
34381.776913,4,0,0,999107,1
34384.659345,4,0,0,999093,1
34386.740440,4,0,0,999135,1
34391.860729,4,0,0,999052,1
34394.071923,4,0,0,998926,1
34397.009271,4,0,0,998773,1
34403.082522,4,0,0,998824,1
34405.628908,4,0,0,999005,1
34416.952601,4,0,0,999056,1
34417.903830,4,0,0,999031,1
34424.363456,4,0,0,999276,1
34426.986858,4,0,0,999297,1
34429.644138,4,0,0,999306,1
34434.453585,4,0,0,999335,1
34437.990986,4,0,0,999324,1
34440.552820,4,0,0,999300,1
34440.559646,4,0,0,999294,1
34441.022349,4,0,0,999311,1
34446.929417,4,0,0,999302,1
34450.481261,4,0,0,999415,1
34456.175463,4,0,0,999373,1
34471.048693,4,0,0,999011,1
34476.538914,4,0,0,999003,1
34476.799865,4,0,0,999046,1
34478.565608,4,0,0,999021,1
34482.857793,4,0,0,998931,1
34484.139009,4,0,0,998865,1
34500.159557,4,0,0,998664,1
34514.027767,4,0,0,998618,1
34523.045312,4,0,0,998447,1
34526.101036,4,0,0,998581,1
34534.905097,4,0,0,998545,1
34535.576876,4,0,0,998550,1
34537.341795,4,0,0,998647,1
34540.313763,4,0,0,998778,1
34546.786856,4,0,0,998755,1
34549.966474,4,0,0,998787,1
34550.670076,4,0,0,998818,1
34552.681922,4,0,0,998805,1
34554.556603,4,0,0,998685,1
34556.264371,4,0,0,998729,1
34557.129189,4,0,0,998771,1
34559.691152,4,0,0,998806,1
34562.532507,4,0,0,998730,1
34569.660502,4,0,0,998708,1
34577.268122,4,0,0,998632,1
34580.800356,4,0,0,998606,1
34583.751308,4,0,0,998719,1
34590.950182,4,0,0,998929,1
34601.384577,4,0,0,999042,1
34606.755768,4,0,0,999108,1
34614.460344,4,0,0,999205,1
34627.838171,4,0,0,999208,1
34628.036567,4,0,0,999207,1
34638.002053,4,0,0,999105,1
34639.549540,4,0,0,999102,1
34642.636532,4,0,0,999302,1
34650.252852,4,0,0,999424,1
34656.290779,4,0,0,999384,1
34657.051606,4,0,0,999363,1
34662.190750,4,0,0,999267,1
34662.533796,4,0,0,999278,1
34664.645219,4,0,0,999307,1
34672.655235,4,0,0,999106,1
34675.322955,4,0,0,999147,1
34679.701086,4,0,0,999090,1
34685.927257,4,0,0,999270,1
34694.156705,4,0,0,999296,1
34700.988592,4,0,0,999522,1
34701.022859,4,0,0,999518,1
34703.628772,4,0,0,999495,1
34706.601984,4,0,0,999522,1
34706.874918,4,0,0,999549,1
34710.601735,4,0,0,999605,1
34715.075379,4,0,0,999475,1
34723.502037,4,0,0,999504,1
34737.096496,4,0,0,999512,1
34737.752003,4,0,0,999494,1
34739.004001,4,0,0,999458,1
34744.148894,4,0,0,999658,1
34744.828179,4,0,0,999642,1
34746.040884,4,0,0,999595,1
34750.129423,4,0,0,999661,1
34751.017336,4,0,0,999667,1
34758.303569,4,0,0,999658,1
34767.599428,4,0,0,999778,1
34767.763163,4,0,0,999788,1
34771.399145,4,0,0,999823,1
34779.019945,4,0,0,999957,1
34796.679571,4,0,0,1000016,1
34798.211855,4,0,0,999978,1
34799.097336,4,0,0,999961,1
34809.102557,4,0,0,999879,1
34819.139894,4,0,0,998844,1
34820.569313,4,0,0,998790,1
34821.621221,4,0,0,998718,1
34824.405829,4,0,0,998731,1
34830.477514,4,0,0,998752,1
34839.399668,4,0,0,999083,1
34840.280401,4,0,0,999116,1
34845.507485,4,0,0,999320,1
34853.391633,4,0,0,999247,1
34857.205464,4,0,0,999382,1
34858.065788,4,0,0,999377,1
34858.238706,4,0,0,999347,1
34859.819150,4,0,0,999323,1
34867.704178,4,0,0,999367,1
34867.923098,4,0,0,999355,1
34867.962535,4,0,0,999362,1
34870.107877,4,0,0,999374,1
34870.422097,4,0,0,999337,1
34871.196049,4,0,0,999379,1
34871.308205,4,0,0,999430,1
34874.863812,4,0,0,999399,1
34880.566444,4,0,0,999597,1
34883.228727,4,0,0,999574,1
34883.919577,4,0,0,999613,1
34885.843553,4,0,0,999660,1
34890.109425,4,0,0,999510,1
34903.610512,4,0,0,999443,1
34927.035275,4,0,0,999339,1
34928.357175,4,0,0,999284,1
34928.408016,4,0,0,999295,1
34936.896008,4,0,0,999369,1
34949.381405,4,0,0,999285,1
34952.314429,4,0,0,999240,1
34959.369550,4,0,0,999497,1
34968.984051,4,0,0,999746,1
34973.480221,4,0,0,999631,1
34983.330066,4,0,0,999630,1
34983.445710,4,0,0,999665,1
34984.960484,4,0,0,999687,1
34986.512310,4,0,0,999779,1
34987.126790,4,0,0,999771,1
34998.674813,4,0,0,999447,1
34998.822574,4,0,0,999445,1
35004.159222,4,0,0,999440,1
35004.513000,4,0,0,999449,1
35006.652086,4,0,0,999452,1
35009.240245,4,0,0,999572,1
35010.197033,4,0,0,999521,1
35013.715515,4,0,0,999391,1
35017.375562,4,0,0,999473,1
35019.198294,4,0,0,999510,1
35025.584069,4,0,0,999471,1
35026.418630,4,0,0,999442,1
35027.440701,4,0,0,999395,1
35029.533132,4,0,0,999523,1
35031.805640,4,0,0,999553,1
35032.909973,4,0,0,999644,1
35044.906446,4,0,0,999670,1
35053.323094,4,0,0,999690,1
35053.863381,4,0,0,999666,1
35056.068011,4,0,0,999802,1
35057.333945,4,0,0,999869,1
35060.200989,4,0,0,999787,1
35061.746851,4,0,0,999838,1
35065.077400,4,0,0,999737,1
35077.308508,4,0,0,999667,1
35079.612919,4,0,0,999757,1
35084.632821,4,0,0,999574,1
35088.960648,4,0,0,999785,1
35095.624633,4,0,0,999917,1
35095.928874,4,0,0,999900,1
35102.457400,4,0,0,1000128,1
35116.433614,4,0,0,1000206,1
35120.856211,4,0,0,1000084,1
35122.477049,4,0,0,1000203,1
35127.810898,4,0,0,1000077,1
35133.761827,4,0,0,1000101,1
35138.868891,4,0,0,1000195,1
35139.628500,4,0,0,1000166,1
35156.978414,4,0,0,1000036,1
35171.842543,4,0,0,1000171,1
35174.484612,4,0,0,1000159,1
35178.789047,4,0,0,1000264,1
35178.982327,4,0,0,1000238,1
35200.383143,4,0,0,1000460,1
35208.546668,4,0,0,1000618,1
35213.383944,4,0,0,1000678,1
35220.227214,4,0,0,1000630,1
35221.222848,4,0,0,1000583,1
35222.980312,4,0,0,1000519,1
35224.332503,4,0,0,1000463,1
35228.665392,4,0,0,1000526,1
35229.126213,4,0,0,1000532,1
35239.927202,4,0,0,1000431,1
35242.892761,4,0,0,1000499,1
35245.705548,4,0,0,1000480,1
35246.234259,4,0,0,1000508,1
35251.754576,4,0,0,1000386,1
35259.869535,4,0,0,1000428,1
35264.616253,4,0,0,1000437,1
35265.940799,4,0,0,1000278,1
35273.297582,4,0,0,1000370,1
35274.050187,4,0,0,1000386,1
35282.444165,4,0,0,1000465,1
35286.598852,4,0,0,1000497,1
35288.231735,4,0,0,1000455,1
35291.673293,4,0,0,1000261,1
35296.411003,4,0,0,1000220,1
35297.841183,4,0,0,1000144,1
35306.811841,4,0,0,1000123,1
35309.425981,4,0,0,1000002,1
35320.079423,4,0,0,999902,1
35328.705667,4,0,0,999883,1
35329.205826,4,0,0,999862,1
35334.173090,4,0,0,999778,1
35335.950201,4,0,0,999896,1
35342.654821,4,0,0,999965,1
35346.394053,4,0,0,999748,1
35349.318215,4,0,0,999688,1
35360.108082,4,0,0,999745,1
35360.389901,4,0,0,999716,1
35364.285136,4,0,0,999767,1
35366.184539,4,0,0,999782,1
35366.356191,4,0,0,999790,1
35373.050430,4,0,0,999987,1
35376.993664,4,0,0,999787,1
35387.728054,4,0,0,999986,1
35392.087191,4,0,0,1000053,1
35394.051923,4,0,0,999864,1
35414.197028,4,0,0,999598,1
35414.784848,4,0,0,999577,1
35415.043138,4,0,0,999579,1
35421.348396,4,0,0,999684,1
35423.563568,4,0,0,999772,1
35425.707776,4,0,0,999799,1
35435.706458,4,0,0,999766,1
35437.601471,4,0,0,999811,1
35448.108496,4,0,0,999890,1
35453.045236,4,0,0,999893,1
35454.952743,4,0,0,999968,1
35455.246131,4,0,0,999994,1
35456.590183,4,0,0,999989,1
35473.105160,4,0,0,1000157,1
35475.589057,4,0,0,1000036,1
35476.422657,4,0,0,1000004,1
35478.114015,4,0,0,999998,1
35489.100137,4,0,0,999982,1
35489.961951,4,0,0,1000008,1
35497.153211,4,0,0,999757,1
35497.845686,4,0,0,999790,1
35513.401432,4,0,0,999759,1
35517.012529,4,0,0,999866,1
35517.223468,4,0,0,999825,1
35530.000371,4,0,0,999816,1
35532.120388,4,0,0,999800,1
35538.404230,4,0,0,999925,1
35541.949672,4,0,0,999917,1
35542.414058,4,0,0,999930,1
35542.949971,4,0,0,999948,1
35543.722455,4,0,0,999980,1
35544.562697,4,0,0,999972,1
35544.821766,4,0,0,999953,1
35545.051943,4,0,0,999953,1
35559.223601,4,0,0,999917,1
35559.681196,4,0,0,999921,1
35563.074956,4,0,0,999859,1
35563.678563,4,0,0,999859,1
35564.834373,4,0,0,999876,1
35571.717570,4,0,0,999970,1
35585.019344,4,0,0,1000130,1
35588.051471,4,0,0,1000072,1
35588.078516,4,0,0,1000081,1
35622.214073,4,0,0,999496,1
35622.448063,4,0,0,999508,1
35624.806475,4,0,0,999476,1
35628.508491,4,0,0,999479,1
35639.135191,4,0,0,999374,1
35647.415294,4,0,0,999403,1
35651.908671,4,0,0,999415,1
35654.339295,4,0,0,999218,1
35662.936869,4,0,0,999230,1
35672.654627,4,0,0,999156,1
35682.477442,4,0,0,999179,1
35688.522038,4,0,0,999224,1
35689.013924,4,0,0,999228,1
35690.709140,4,0,0,999236,1
35693.889658,4,0,0,999278,1
35697.251457,4,0,0,999305,1
35705.802895,4,0,0,999236,1
35707.101117,4,0,0,999181,1
35712.322808,4,0,0,999313,1
35714.563310,4,0,0,999288,1
35721.703683,4,0,0,999237,1
35722.745127,4,0,0,999223,1
35725.839993,4,0,0,999141,1
35726.362553,4,0,0,999191,1
35727.501363,4,0,0,999186,1
35740.579726,4,0,0,999378,1
35742.395486,4,0,0,999279,1
35753.077408,4,0,0,999238,1
35756.628825,4,0,0,999165,1
35756.819142,4,0,0,999181,1
35764.347394,4,0,0,999359,1
35764.602432,4,0,0,999343,1
35772.987209,4,0,0,999239,1
35773.029455,4,0,0,999227,1
35778.388788,4,0,0,999506,1
35779.254823,4,0,0,999506,1
35781.261856,4,0,0,999565,1
35795.852004,4,0,0,999356,1
35799.035419,4,0,0,999415,1
35804.156083,4,0,0,999415,1
35810.608629,4,0,0,999155,1
35811.165273,4,0,0,999169,1
35819.889171,4,0,0,999155,1
35831.612013,4,0,0,999270,1
35832.419434,4,0,0,999279,1
35836.196511,4,0,0,999327,1
35837.790087,4,0,0,999352,1
35844.241004,4,0,0,999326,1
35844.378084,4,0,0,999317,1
35847.812807,4,0,0,999234,1
35855.337208,4,0,0,999204,1
35861.680427,4,0,0,999242,1
35862.227714,4,0,0,999212,1
35870.781060,4,0,0,999384,1
35872.079306,4,0,0,999436,1
35879.962265,4,0,0,999230,1
35883.248138,4,0,0,999098,1
35884.086249,4,0,0,999170,1
35890.416938,4,0,0,999129,1
35898.303013,4,0,0,998987,1
35904.040527,4,0,0,999076,1
35920.044094,4,0,0,998730,1
35921.458536,4,0,0,998750,1
35922.743765,4,0,0,998760,1
35923.505055,4,0,0,998799,1
35927.210696,4,0,0,998871,1
35929.648053,4,0,0,998936,1
35931.756440,4,0,0,998860,1
35934.704507,4,0,0,998865,1
35936.238659,4,0,0,998822,1
35936.259068,4,0,0,998818,1
35939.309601,4,0,0,998858,1
35940.852606,4,0,0,998882,1
35943.708387,4,0,0,998969,1
35956.343447,4,0,0,999070,1
35957.286248,4,0,0,999041,1
35962.136445,4,0,0,999075,1
35967.078920,4,0,0,999116,1
35968.657762,4,0,0,999132,1
35971.700496,4,0,0,999140,1
35988.400361,4,0,0,998978,1
35990.404376,4,0,0,998959,1
35996.360228,4,0,0,999054,1
36005.126519,4,0,0,999028,1
36007.264936,4,0,0,999037,1
36029.236780,4,0,0,998867,1
36033.936237,4,0,0,998879,1
36037.258909,4,0,0,998877,1
36043.257530,4,0,0,999085,1
36045.892995,4,0,0,999195,1
36051.848539,4,0,0,999386,1
36053.384406,4,0,0,999260,1
36065.908740,4,0,0,999225,1
36069.640988,4,0,0,999203,1
36070.963182,4,0,0,999256,1
36073.710846,4,0,0,999306,1
36084.488382,4,0,0,999245,1
36092.353164,4,0,0,999264,1
36095.520190,4,0,0,999222,1
36097.591862,4,0,0,999334,1
36099.848029,4,0,0,999222,1
36118.842084,4,0,0,999585,1
36119.411014,4,0,0,999599,1
36129.919559,4,0,0,999267,1
36139.236628,4,0,0,999082,1
36140.451243,4,0,0,998946,1
36142.505671,4,0,0,999086,1
36146.534959,4,0,0,998933,1
36154.285602,4,0,0,998942,1
36168.647974,4,0,0,998951,1
36191.614359,4,0,0,999127,1
36193.192793,4,0,0,998987,1
36194.214008,4,0,0,998980,1
36197.411321,4,0,0,998993,1
36201.309216,4,0,0,998903,1
36206.419821,4,0,0,998743,1
36206.963933,4,0,0,998807,1
36211.932573,4,0,0,998592,1
36224.088675,4,0,0,998600,1
36235.883193,4,0,0,998647,1
36249.641830,4,0,0,998873,1
36261.856688,4,0,0,998851,1
36277.336781,4,0,0,998753,1
36277.575389,4,0,0,998788,1
36289.416190,4,0,0,998770,1
36290.928455,4,0,0,998787,1
36292.776604,4,0,0,998797,1
36295.709723,4,0,0,998819,1
36310.562824,4,0,0,998985,1
36315.003896,4,0,0,999045,1
36317.082885,4,0,0,998918,1
36319.323064,4,0,0,998918,1
36330.571006,4,0,0,999044,1
36338.830494,4,0,0,999062,1
36339.537761,4,0,0,999022,1
36340.904488,4,0,0,999005,1
36343.127799,4,0,0,999076,1
36344.295520,4,0,0,999143,1
36348.257782,4,0,0,999043,1
36349.467779,4,0,0,999071,1
36353.557014,4,0,0,999089,1
36366.698462,4,0,0,998920,1
36375.724688,4,0,0,998912,1
36376.224401,4,0,0,998924,1
36377.332463,4,0,0,998872,1
36379.876873,4,0,0,998973,1
36384.842427,4,0,0,999054,1
36387.178333,4,0,0,999050,1
36388.563740,4,0,0,999046,1
36390.583766,4,0,0,998992,1
36391.674434,4,0,0,998994,1
36401.136617,4,0,0,998947,1
36406.848017,4,0,0,999051,1
36409.378447,4,0,0,999102,1
36415.140316,4,0,0,999260,1
36418.645993,4,0,0,999175,1
36422.217138,4,0,0,999260,1
36424.405645,4,0,0,999217,1
36427.607563,4,0,0,999211,1
36447.849560,4,0,0,999212,1
36455.185098,4,0,0,999182,1
36463.590822,4,0,0,999212,1
36464.225672,4,0,0,999174,1
36467.579951,4,0,0,999198,1
36469.765024,4,0,0,999091,1
36470.210091,4,0,0,999077,1
36472.614359,4,0,0,999012,1
36472.982819,4,0,0,999066,1
36474.257162,4,0,0,999050,1
36481.920795,4,0,0,999123,1
36487.461078,4,0,0,999023,1
36493.192967,4,0,0,999046,1
36493.588196,4,0,0,998996,1
36494.444320,4,0,0,999054,1
36494.548622,4,0,0,999047,1
36495.039063,4,0,0,999076,1
36495.549164,4,0,0,999070,1
36510.952712,4,0,0,999452,1
36521.678347,4,0,0,999415,1
36522.770458,4,0,0,999278,1
36524.169942,4,0,0,999318,1
36539.662239,4,0,0,999812,1
36543.696390,4,0,0,999883,1
36545.893728,4,0,0,999938,1
36548.897381,4,0,0,999904,1
36550.416191,4,0,0,999863,1
36554.603731,4,0,0,999851,1
36560.779363,4,0,0,999838,1
36564.242621,4,0,0,999722,1
36572.457085,4,0,0,999812,1
36573.031391,4,0,0,999847,1
36577.455114,4,0,0,999760,1
36599.281409,4,0,0,999590,1
36600.053073,4,0,0,999654,1
36603.319095,4,0,0,999640,1
36608.073499,4,0,0,999478,1
36610.041803,4,0,0,999412,1
36626.014330,4,0,0,999251,1
36629.190093,4,0,0,999322,1
36632.303914,4,0,0,999452,1
36643.439323,4,0,0,999488,1
36643.515986,4,0,0,999472,1
36653.227424,4,0,0,999421,1
36653.888009,4,0,0,999403,1
36656.166613,4,0,0,999407,1
36659.370752,4,0,0,999535,1
36662.464991,4,0,0,999440,1
36662.657177,4,0,0,999441,1
36664.480351,4,0,0,999398,1
36666.589724,4,0,0,999390,1
36681.539889,4,0,0,999452,1
36693.436059,4,0,0,999303,1
36697.632461,4,0,0,999291,1
36710.579406,4,0,0,999269,1
36720.105888,4,0,0,999694,1
36722.358036,4,0,0,999877,1
36722.952632,4,0,0,999845,1
36727.418566,4,0,0,999863,1
36729.283234,4,0,0,999943,1
36729.330032,4,0,0,999950,1
36748.320019,4,0,0,1000140,1
36764.967393,4,0,0,1000246,1
36768.646130,4,0,0,1000257,1
36773.248414,4,0,0,1000098,1
36778.531436,4,0,0,1000191,1
36791.012000,4,0,0,1000296,1
36794.024302,4,0,0,1000221,1
36798.203823,4,0,0,1000215,1
36799.431714,4,0,0,1000163,1
36800.758630,4,0,0,1000207,1
36804.288083,4,0,0,1000229,1
36805.532473,4,0,0,1000291,1
36805.679314,4,0,0,1000297,1
36807.875780,4,0,0,1000263,1
36814.501218,4,0,0,1000377,1
36816.052056,4,0,0,1000291,1
36825.543299,4,0,0,1000155,1
36831.338328,4,0,0,1000014,1
36836.402023,4,0,0,999909,1
36847.061938,4,0,0,999985,1
36847.428454,4,0,0,999961,1
36848.369858,4,0,0,999974,1
36859.841235,4,0,0,1000240,1
36871.196401,4,0,0,1000060,1
36871.585971,4,0,0,1000032,1
36878.699784,4,0,0,999838,1
36878.774126,4,0,0,999813,1
36879.468651,4,0,0,999793,1
36880.024397,4,0,0,999804,1
36881.688476,4,0,0,999820,1
36884.037663,4,0,0,999779,1
36895.594282,4,0,0,999603,1
36898.335165,4,0,0,999767,1
36898.967162,4,0,0,999740,1
36900.486884,4,0,0,999835,1
36900.517463,4,0,0,999859,1
36900.653455,4,0,0,999886,1
36903.349351,4,0,0,999919,1
36906.780558,4,0,0,999826,1
36908.155433,4,0,0,999825,1
36910.439615,4,0,0,999839,1
36910.961165,4,0,0,999842,1
36916.101336,4,0,0,999946,1
36918.484534,4,0,0,999872,1
36919.326632,4,0,0,999877,1
36922.615024,4,0,0,1000017,1
36923.731953,4,0,0,1000065,1
36925.383414,4,0,0,1000071,1
36926.017164,4,0,0,1000070,1
36933.270592,4,0,0,999731,1
36934.836298,4,0,0,999784,1
36949.731943,4,0,0,999568,1
36952.217161,4,0,0,999526,1
36953.023303,4,0,0,999584,1
36958.862083,4,0,0,999633,1
36965.184107,4,0,0,999688,1
36975.371824,4,0,0,999459,1
36976.045814,4,0,0,999506,1
36983.503115,4,0,0,999347,1
36992.892916,4,0,0,999515,1
36994.628776,4,0,0,999557,1
36997.525550,4,0,0,999518,1
37002.146100,4,0,0,999535,1
37003.492710,4,0,0,999583,1
37013.295083,4,0,0,999581,1
37019.037252,4,0,0,999402,1
37028.323342,4,0,0,999417,1
37031.180265,4,0,0,999335,1
37034.678673,4,0,0,999320,1
37035.711092,4,0,0,999360,1
37037.512737,4,0,0,999313,1
37043.762722,4,0,0,999139,1
37059.031824,4,0,0,999248,1
37059.820505,4,0,0,999180,1
37060.068926,4,0,0,999142,1
37060.402739,4,0,0,999132,1
37063.135775,4,0,0,999206,1
37070.656865,4,0,0,999307,1
37071.874493,4,0,0,999261,1
37074.973971,4,0,0,999216,1
37078.436775,4,0,0,999320,1
37087.128362,4,0,0,999252,1
37087.984777,4,0,0,999331,1
37088.055655,4,0,0,999325,1
37091.432948,4,0,0,999248,1
37093.530824,4,0,0,999265,1
37095.182528,4,0,0,999414,1
37102.254300,4,0,0,999436,1
37107.752868,4,0,0,999375,1
37108.171932,4,0,0,999366,1
37111.968694,4,0,0,999344,1
37119.610570,4,0,0,999367,1
37131.103814,4,0,0,999464,1
37131.104698,4,0,0,999466,1
37138.981753,4,0,0,999276,1
37139.193081,4,0,0,999285,1
37144.671359,4,0,0,999151,1
37149.027472,4,0,0,999043,1
37163.543824,4,0,0,999000,1
37168.320688,4,0,0,999255,1
37168.667263,4,0,0,999306,1
37173.972438,4,0,0,999106,1
37175.379021,4,0,0,999051,1
37183.903950,4,0,0,999212,1
37184.056756,4,0,0,999214,1
37185.929384,4,0,0,999109,1
37191.322935,4,0,0,999176,1
37192.131568,4,0,0,999137,1
37197.099074,4,0,0,999014,1
37202.810049,4,0,0,998883,1
37209.136013,4,0,0,998774,1
37219.088579,4,0,0,998894,1
37221.636383,4,0,0,998997,1
37222.371137,4,0,0,998980,1
37223.812428,4,0,0,998953,1
37226.172700,4,0,0,998997,1
37226.440970,4,0,0,999036,1
37232.334150,4,0,0,998994,1
37232.645248,4,0,0,999035,1
37232.929376,4,0,0,999024,1
37245.814443,4,0,0,999259,1
37253.659214,4,0,0,999287,1
37255.057852,4,0,0,999381,1
37257.056403,4,0,0,999254,1
37265.412983,4,0,0,999217,1
37270.028428,4,0,0,999294,1
37271.499581,4,0,0,999225,1
37274.348726,4,0,0,999309,1
37283.597491,4,0,0,998961,1
37283.600797,4,0,0,998959,1
37306.921463,4,0,0,999084,1
37310.910648,4,0,0,999034,1
37311.871033,4,0,0,999013,1
37319.568757,4,0,0,999125,1
37319.947593,4,0,0,999153,1
37322.469679,4,0,0,999240,1
37326.538802,4,0,0,999303,1
37327.896074,4,0,0,999326,1
37338.244056,4,0,0,999678,1
37343.949812,4,0,0,999554,1
37344.793636,4,0,0,999550,1
37345.585117,4,0,0,999524,1
37345.890722,4,0,0,999498,1
37349.941586,4,0,0,999511,1
37350.932731,4,0,0,999517,1
37354.675634,4,0,0,999417,1
37362.858382,4,0,0,999528,1
37372.960888,4,0,0,999291,1
37373.552148,4,0,0,999370,1
37375.482421,4,0,0,999310,1
37378.064637,4,0,0,999210,1
37380.376069,4,0,0,999268,1
37382.970224,4,0,0,999292,1
37385.915483,4,0,0,999279,1
37392.668881,4,0,0,999519,1
37394.411602,4,0,0,999587,1
37396.422631,4,0,0,999484,1
37398.787285,4,0,0,999407,1
37399.570983,4,0,0,999375,1
37404.328335,4,0,0,999452,1
37406.772042,4,0,0,999422,1
37418.620498,4,0,0,999731,1
37426.854983,4,0,0,999748,1
37428.105423,4,0,0,999763,1
37429.431807,4,0,0,999798,1
37436.718928,4,0,0,999822,1
37440.641987,4,0,0,999642,1
37440.691045,4,0,0,999648,1
37445.442060,4,0,0,999699,1
37447.843451,4,0,0,999758,1
37455.195626,4,0,0,999940,1
37461.762205,4,0,0,999787,1
37473.976351,4,0,0,999658,1
37479.719977,4,0,0,999732,1
37491.390830,4,0,0,999742,1
37492.992083,4,0,0,999637,1
37494.968954,4,0,0,999737,1
37495.260657,4,0,0,999692,1
37504.901562,4,0,0,999824,1
37505.702180,4,0,0,999821,1
37509.533083,4,0,0,999840,1
37512.935053,4,0,0,999939,1
37520.973386,4,0,0,999873,1
37523.320394,4,0,0,999953,1
37524.056161,4,0,0,999877,1
37526.364985,4,0,0,999967,1
37526.600365,4,0,0,999971,1
37528.315319,4,0,0,1000009,1
37533.067880,4,0,0,1000068,1
37533.349139,4,0,0,1000076,1
37555.218810,4,0,0,1000578,1
37558.891181,4,0,0,1000497,1
37560.596578,4,0,0,1000469,1
37569.174224,4,0,0,1000628,1
37569.881089,4,0,0,1000604,1
37571.738381,4,0,0,1000496,1
37584.964663,4,0,0,1001026,1
37586.276050,4,0,0,1000998,1
37592.586137,4,0,0,1000932,1
37592.989538,4,0,0,1000900,1
37596.623780,4,0,0,1000974,1
37601.754008,4,0,0,1001003,1
37602.879085,4,0,0,1000988,1
37604.776490,4,0,0,1000887,1
37608.598768,4,0,0,1000812,1
37612.860431,4,0,0,1000890,1
37613.661048,4,0,0,1000894,1
37616.189413,4,0,0,1000823,1
37655.520758,4,0,0,999997,1
37657.381372,4,0,0,1000008,1
37664.736715,4,0,0,1000038,1
37665.812994,4,0,0,1000073,1
37668.768945,4,0,0,1000116,1
37672.259124,4,0,0,1000105,1
37676.591647,4,0,0,1000155,1
37682.636523,4,0,0,1000017,1
37690.232880,4,0,0,999947,1
37695.990511,4,0,0,999812,1
37703.858891,4,0,0,1000017,1
37714.237327,4,0,0,999953,1
37716.124004,4,0,0,1000018,1
37724.518894,4,0,0,999818,1
37728.027049,4,0,0,999797,1
37729.462637,4,0,0,999665,1
37730.371027,4,0,0,999651,1
37737.282084,4,0,0,999563,1
37742.121076,4,0,0,999465,1
37742.471725,4,0,0,999449,1
37746.703970,4,0,0,999333,1
37746.921791,4,0,0,999299,1
37749.294380,4,0,0,999312,1
37753.341483,4,0,0,999424,1
37758.362292,4,0,0,999239,1
37759.183498,4,0,0,999233,1
37759.402771,4,0,0,999221,1
37763.504383,4,0,0,999209,1
37771.668943,4,0,0,999260,1
37779.281753,4,0,0,999193,1
37781.412465,4,0,0,999260,1
37785.524544,4,0,0,999283,1
37791.587143,4,0,0,999507,1
37801.458095,4,0,0,999462,1
37804.691958,4,0,0,999456,1
37814.650851,4,0,0,999710,1
37816.478380,4,0,0,999764,1
37817.661444,4,0,0,999691,1
37819.326388,4,0,0,999750,1
37825.580886,4,0,0,999657,1
37835.925020,4,0,0,999666,1
37838.970412,4,0,0,999625,1
37844.660797,4,0,0,999835,1
37845.375142,4,0,0,999825,1
37848.759942,4,0,0,999831,1
37851.487641,4,0,0,999836,1
37854.188042,4,0,0,999865,1
37855.183764,4,0,0,999850,1
37859.843927,4,0,0,999902,1
37865.173446,4,0,0,1000058,1
37870.008375,4,0,0,999979,1
37876.498331,4,0,0,1000086,1
37879.428000,4,0,0,999938,1
37888.579796,4,0,0,999804,1
37892.627467,4,0,0,999722,1
37902.834975,4,0,0,999739,1
37905.358313,4,0,0,999657,1
37911.115513,4,0,0,999804,1
37912.163087,4,0,0,999785,1
37912.577613,4,0,0,999780,1
37925.392584,4,0,0,999777,1
37927.607474,4,0,0,999776,1
37927.831062,4,0,0,999802,1
37932.436700,4,0,0,999698,1
37945.376012,4,0,0,999782,1
37952.380512,4,0,0,999932,1
37973.230861,4,0,0,1000019,1
37986.304966,4,0,0,999885,1
37989.210962,4,0,0,999761,1
37990.484618,4,0,0,999779,1
37990.807095,4,0,0,999766,1
37992.325339,4,0,0,999787,1
37997.105749,4,0,0,999748,1
38008.663304,4,0,0,999976,1
38008.671475,4,0,0,999976,1
38016.801873,4,0,0,1000171,1
38023.713250,4,0,0,1000191,1
38029.326679,4,0,0,1000129,1
38029.980703,4,0,0,1000129,1
38030.242293,4,0,0,1000129,1
38036.622002,4,0,0,1000262,1
38041.524244,4,0,0,1000282,1
38043.732000,4,0,0,1000301,1
38045.758223,4,0,0,1000280,1
38045.916862,4,0,0,1000247,1
38069.940622,4,0,0,1000358,1
38078.601084,4,0,0,1000114,1
38096.081653,4,0,0,1000320,1
38104.226556,4,0,0,1000402,1
38107.161782,4,0,0,1000425,1
38116.078365,4,0,0,1000445,1
38117.135188,4,0,0,1000440,1
38122.470575,4,0,0,1000218,1
38123.764926,4,0,0,1000202,1
38126.147116,4,0,0,1000116,1
38135.961550,4,0,0,1000240,1
38138.606325,4,0,0,1000279,1
38149.321369,4,0,0,999976,1
38153.695976,4,0,0,1000193,1
38155.358367,4,0,0,1000180,1
38156.799955,4,0,0,1000173,1
38156.816111,4,0,0,1000177,1
38160.873667,4,0,0,1000069,1
38169.590862,4,0,0,1000189,1
38170.807511,4,0,0,1000137,1
38173.926327,4,0,0,1000142,1
38193.661475,4,0,0,999730,1
38196.050829,4,0,0,999594,1
38209.376771,4,0,0,999728,1
38217.751812,4,0,0,999735,1
38221.013827,4,0,0,999550,1
38225.836159,4,0,0,999618,1
38226.160399,4,0,0,999638,1
38229.633378,4,0,0,999765,1
38236.453671,4,0,0,999878,1
38237.705271,4,0,0,999915,1
38237.957940,4,0,0,999900,1
38238.100585,4,0,0,999926,1
38238.935791,4,0,0,999939,1
38240.233575,4,0,0,999889,1
38248.057564,4,0,0,999948,1
38250.995102,4,0,0,999927,1
38254.660977,4,0,0,999912,1
38256.456193,4,0,0,999921,1
38258.153105,4,0,0,999911,1
38262.007139,4,0,0,999993,1
38268.553783,4,0,0,1000084,1
38269.506403,4,0,0,1000079,1
38272.232482,4,0,0,1000052,1
38277.170551,4,0,0,999892,1
38292.568009,4,0,0,1000032,1
38294.068423,4,0,0,1000040,1
38296.453655,4,0,0,1000005,1
38300.480083,4,0,0,999911,1
38301.211575,4,0,0,1000007,1
38305.731905,4,0,0,999962,1
38323.262084,4,0,0,1000017,1
38324.788850,4,0,0,1000093,1
38327.919967,4,0,0,1000118,1
38328.518200,4,0,0,1000078,1
38332.007294,4,0,0,1000159,1
38349.026741,4,0,0,1000467,1
38352.763305,4,0,0,1000426,1
38353.911291,4,0,0,1000420,1
38355.690224,4,0,0,1000390,1
38360.396562,4,0,0,1000290,1
38369.694018,4,0,0,1000262,1
38372.581650,4,0,0,1000257,1
38375.801363,4,0,0,1000311,1
38383.723467,4,0,0,1000098,1
38384.255288,4,0,0,1000116,1
38398.695477,4,0,0,1000092,1
38401.683214,4,0,0,1000054,1
38403.609282,4,0,0,1000014,1
38410.815301,4,0,0,999951,1
38412.231852,4,0,0,999982,1
38412.988696,4,0,0,999977,1
38414.415861,4,0,0,1000024,1
38419.752069,4,0,0,1000078,1
38420.259241,4,0,0,1000058,1
38423.128292,4,0,0,1000149,1
38424.412252,4,0,0,1000079,1
38428.183431,4,0,0,1000212,1
38428.894816,4,0,0,1000288,1
38436.003016,4,0,0,1000530,1
38448.315685,4,0,0,1000662,1
38450.154649,4,0,0,1000667,1
38452.246840,4,0,0,1000724,1
38456.603883,4,0,0,1000614,1
38463.021220,4,0,0,1000522,1
38463.308214,4,0,0,1000524,1
38468.677338,4,0,0,1000271,1
38476.723723,4,0,0,1000215,1
38484.241355,4,0,0,999975,1
38487.000964,4,0,0,1000011,1
38495.271843,4,0,0,1000049,1
38499.057758,4,0,0,1000087,1
38500.045717,4,0,0,1000112,1
38501.654205,4,0,0,1000069,1
38505.948049,4,0,0,999934,1
38509.791276,4,0,0,999998,1
38517.536494,4,0,0,1000099,1
38523.534879,4,0,0,999973,1
38524.680184,4,0,0,999910,1
38527.101154,4,0,0,999909,1
38534.297023,4,0,0,999996,1
38537.225764,4,0,0,1000028,1
38538.444336,4,0,0,1000035,1
38551.666418,4,0,0,1000131,1
38554.516051,4,0,0,1000118,1
38556.280924,4,0,0,1000186,1
38559.703027,4,0,0,1000252,1
38561.414209,4,0,0,1000217,1
38562.921040,4,0,0,1000277,1
38568.099334,4,0,0,1000334,1
38575.679859,4,0,0,1000338,1
38578.192488,4,0,0,1000294,1
38579.031250,4,0,0,1000366,1
38582.118524,4,0,0,1000353,1
38584.573040,4,0,0,1000346,1
38587.308105,4,0,0,1000193,1
38588.619133,4,0,0,1000165,1
38595.635824,4,0,0,1000207,1
38596.715779,4,0,0,1000209,1
38596.904173,4,0,0,1000213,1
38602.660974,4,0,0,1000145,1
38609.146191,4,0,0,1000086,1
38610.450203,4,0,0,1000065,1
38611.360514,4,0,0,1000099,1
38615.513217,4,0,0,1000124,1
38627.564169,4,0,0,1000261,1
38628.964744,4,0,0,1000379,1
38632.676595,4,0,0,1000494,1
38634.144242,4,0,0,1000506,1
38640.613644,4,0,0,1000261,1
38643.622247,4,0,0,1000162,1
38645.899218,4,0,0,1000113,1
38651.001975,4,0,0,999998,1
38654.625442,4,0,0,999965,1
38655.698941,4,0,0,999963,1
38658.271622,4,0,0,999945,1
38673.256181,4,0,0,999823,1
38680.976503,4,0,0,999566,1
38684.406930,4,0,0,999590,1
38689.570157,4,0,0,999536,1
38690.304290,4,0,0,999567,1
38692.852316,4,0,0,999487,1
38703.617104,4,0,0,999394,1
38704.613271,4,0,0,999340,1
38723.795519,4,0,0,999273,1
38732.803935,4,0,0,999217,1
38738.342857,4,0,0,999058,1
38740.578964,4,0,0,998881,1
38741.040694,4,0,0,998872,1
38742.709436,4,0,0,998886,1
38749.166803,4,0,0,998776,1
38751.783980,4,0,0,998675,1
38759.546572,4,0,0,998620,1
38760.708526,4,0,0,998606,1
38769.005793,4,0,0,998914,1
38778.407624,4,0,0,998752,1
38784.530056,4,0,0,998546,1
38785.620727,4,0,0,998553,1
38786.826125,4,0,0,998529,1
38787.143777,4,0,0,998552,1
38787.395511,4,0,0,998577,1
38793.817449,4,0,0,998510,1
38797.050272,4,0,0,998555,1
38803.902082,4,0,0,998566,1
38805.490598,4,0,0,998545,1
38807.515059,4,0,0,998526,1
38818.274725,4,0,0,998608,1
38846.696030,4,0,0,998673,1
38847.208988,4,0,0,998669,1
38854.430296,4,0,0,998508,1
38858.312925,4,0,0,998378,1
38858.334718,4,0,0,998367,1
38862.916570,4,0,0,998445,1
38864.486342,4,0,0,998444,1
38866.549627,4,0,0,998418,1
38883.197436,4,0,0,998105,1
38889.685936,4,0,0,998192,1
38889.953923,4,0,0,998178,1
38895.415017,4,0,0,997959,1
38895.477544,4,0,0,997955,1
38905.865721,4,0,0,997896,1
38910.206110,4,0,0,997815,1
38914.969258,4,0,0,997932,1
38915.048537,4,0,0,997941,1
38915.466812,4,0,0,997882,1
38919.036853,4,0,0,998057,1
38921.335256,4,0,0,997960,1
38929.486941,4,0,0,998235,1
38931.083634,4,0,0,998237,1
38933.522718,4,0,0,998202,1
38934.133754,4,0,0,998187,1
38937.474523,4,0,0,998260,1
38952.300039,4,0,0,998236,1
38953.777564,4,0,0,998203,1
38961.256427,4,0,0,998050,1
38962.112402,4,0,0,998115,1
38972.488376,4,0,0,998225,1
38975.923944,4,0,0,998303,1
38976.566641,4,0,0,998296,1
38983.863125,4,0,0,998112,1
38994.310164,4,0,0,998123,1
38995.059311,4,0,0,998185,1
38995.656339,4,0,0,998181,1
38997.040317,4,0,0,998298,1
39000.498647,4,0,0,998336,1
39014.828808,4,0,0,998043,1
39024.247329,4,0,0,998044,1
39026.123425,4,0,0,998125,1
39026.304931,4,0,0,998100,1
39030.633782,4,0,0,998105,1
39034.721191,4,0,0,998079,1
39036.042681,4,0,0,998102,1
39040.465291,4,0,0,998076,1
39059.561845,4,0,0,997842,1
39060.307224,4,0,0,997787,1
39062.114294,4,0,0,997880,1
39071.117126,4,0,0,997826,1
39071.945842,4,0,0,997909,1
39072.604755,4,0,0,997913,1
39073.507069,4,0,0,997877,1
39080.525838,4,0,0,998042,1
39081.177412,4,0,0,998039,1
39081.634127,4,0,0,997989,1
39086.347503,4,0,0,997954,1
39093.307127,4,0,0,997969,1
39100.056525,4,0,0,998004,1
39102.769545,4,0,0,997964,1
39114.643594,4,0,0,998092,1
39115.425359,4,0,0,998073,1
39118.209897,4,0,0,998205,1
39120.413021,4,0,0,998288,1
39124.189545,4,0,0,998256,1
39125.216082,4,0,0,998312,1
39125.976770,4,0,0,998328,1
39145.554913,4,0,0,998429,1
39147.274360,4,0,0,998444,1
39150.584755,4,0,0,998355,1
39162.439815,4,0,0,998556,1
39164.162865,4,0,0,998544,1
39166.345637,4,0,0,998491,1
39170.304323,4,0,0,998443,1
39170.641263,4,0,0,998454,1
39170.754332,4,0,0,998446,1
39175.542629,4,0,0,998388,1
39177.757850,4,0,0,998345,1
39178.153824,4,0,0,998354,1
39179.768345,4,0,0,998420,1
39185.420195,4,0,0,998358,1
39192.233983,4,0,0,998283,1
39195.599094,4,0,0,998129,1
39196.791424,4,0,0,998153,1
39205.536132,4,0,0,998340,1
39206.648946,4,0,0,998330,1
39213.409522,4,0,0,998208,1
39214.204527,4,0,0,998206,1
39227.259238,4,0,0,998312,1
39234.354861,4,0,0,998322,1
39237.679971,4,0,0,998374,1
39240.402009,4,0,0,998419,1
39244.469380,4,0,0,998508,1
39249.641782,4,0,0,998528,1
39253.543122,4,0,0,998475,1
39259.231926,4,0,0,998513,1
39259.670566,4,0,0,998507,1
39262.251092,4,0,0,998676,1
39268.944627,4,0,0,998740,1
39271.702113,4,0,0,998695,1
39288.570491,4,0,0,998652,1
39292.220198,4,0,0,998507,1
39294.000488,4,0,0,998553,1
39304.642702,4,0,0,998609,1
39307.264825,4,0,0,998755,1
39311.041346,4,0,0,998701,1
39315.943120,4,0,0,998667,1
39325.206754,4,0,0,998702,1
39326.330112,4,0,0,998660,1
39336.224193,4,0,0,998654,1
39340.300034,4,0,0,998591,1
39342.481662,4,0,0,998675,1
39344.433513,4,0,0,998690,1
39363.578747,4,0,0,999271,1
39377.627028,4,0,0,999311,1
39381.397419,4,0,0,999274,1
39383.429932,4,0,0,999315,1
39400.853015,4,0,0,999333,1
39400.931770,4,0,0,999329,1
39401.171548,4,0,0,999306,1
39404.358438,4,0,0,999126,1
39408.585326,4,0,0,999003,1
39408.616727,4,0,0,999004,1
39409.609213,4,0,0,998989,1
39410.040124,4,0,0,999040,1
39411.413984,4,0,0,999122,1
39412.379379,4,0,0,999113,1
39413.013748,4,0,0,999099,1
39413.676449,4,0,0,999084,1
39415.895553,4,0,0,999071,1
39416.554294,4,0,0,999029,1
39423.650995,4,0,0,999140,1
39426.114962,4,0,0,999277,1
39426.708792,4,0,0,999289,1
39431.745412,4,0,0,999308,1
39439.164151,4,0,0,999294,1
39441.294819,4,0,0,999165,1
39441.324233,4,0,0,999169,1
39446.344677,4,0,0,999255,1
39453.048067,4,0,0,999302,1
39463.568139,4,0,0,999355,1
39469.537407,4,0,0,999276,1
39473.879721,4,0,0,999355,1
39475.888275,4,0,0,999366,1
39477.224257,4,0,0,999423,1
39477.544874,4,0,0,999427,1
39485.723154,4,0,0,999651,1
39489.650743,4,0,0,999664,1
39491.273704,4,0,0,999626,1
39491.910072,4,0,0,999595,1
39493.536157,4,0,0,999697,1
39500.313831,4,0,0,999663,1
39501.475749,4,0,0,999654,1
39501.731523,4,0,0,999643,1
39504.016902,4,0,0,999643,1
39505.972815,4,0,0,999725,1
39511.680868,4,0,0,999727,1
39515.561905,4,0,0,999797,1
39518.621133,4,0,0,999786,1
39536.463956,4,0,0,999714,1
39545.348447,4,0,0,999691,1
39546.003978,4,0,0,999704,1
39547.368878,4,0,0,999680,1
39549.967435,4,0,0,999772,1
39550.322159,4,0,0,999733,1
39557.106912,4,0,0,999897,1
39564.094160,4,0,0,999803,1
39565.747616,4,0,0,999921,1
39577.017071,4,0,0,1000123,1
39580.860397,4,0,0,1000065,1
39582.070239,4,0,0,999913,1
39586.714121,4,0,0,1000092,1
39592.050892,4,0,0,1000060,1
39598.094002,4,0,0,1000164,1
39615.074374,4,0,0,1000024,1
39626.781899,4,0,0,1000072,1
39629.330602,4,0,0,999885,1
39632.032864,4,0,0,999862,1
39632.146304,4,0,0,999872,1
39634.729532,4,0,0,999859,1
39635.661535,4,0,0,999841,1
39636.273493,4,0,0,999847,1
39644.361165,4,0,0,999869,1
39644.466586,4,0,0,999871,1
39645.127084,4,0,0,999864,1
39650.345553,4,0,0,999778,1
39654.348540,4,0,0,999735,1
39657.027332,4,0,0,999655,1
39664.905180,4,0,0,999736,1
39666.205218,4,0,0,999707,1
39667.311560,4,0,0,999713,1
39670.757435,4,0,0,999735,1
39671.296525,4,0,0,999755,1
39676.880589,4,0,0,999901,1
39689.946978,4,0,0,1000061,1
39697.921235,4,0,0,1000286,1
39708.104481,4,0,0,1000138,1
39708.466560,4,0,0,1000154,1
39711.103721,4,0,0,999993,1
39722.252723,4,0,0,1000230,1
39731.053379,4,0,0,1000232,1
39735.359633,4,0,0,1000211,1
39740.438507,4,0,0,1000330,1
39741.916780,4,0,0,1000297,1
39743.389980,4,0,0,1000327,1
39743.719997,4,0,0,1000298,1
39754.819530,4,0,0,1000187,1
39756.449830,4,0,0,1000261,1
39779.838667,4,0,0,1000380,1
39779.871415,4,0,0,1000372,1
39787.543623,4,0,0,1000367,1
39791.110118,4,0,0,1000572,1
39791.315322,4,0,0,1000604,1
39796.517090,4,0,0,1000592,1
39802.311402,4,0,0,1000664,1
39808.060281,4,0,0,1000799,1
39813.750872,4,0,0,1000749,1
39819.170047,4,0,0,1000684,1
39826.145056,4,0,0,1000729,1
39828.430880,4,0,0,1000714,1
39843.551207,4,0,0,1000816,1
39846.702730,4,0,0,1000900,1
39848.192794,4,0,0,1001086,1
39871.807887,4,0,0,1000808,1
39873.374957,4,0,0,1000811,1
39876.152873,4,0,0,1000754,1
39881.871958,4,0,0,1000763,1
39889.520806,4,0,0,1000646,1
39891.340777,4,0,0,1000790,1
39891.512400,4,0,0,1000781,1
39895.636931,4,0,0,1000738,1
39899.921988,4,0,0,1000692,1
39906.172902,4,0,0,1000496,1
39907.618548,4,0,0,1000554,1
39915.834551,4,0,0,1000307,1
39922.942061,4,0,0,1000258,1
39932.396799,4,0,0,1000334,1
39939.139616,4,0,0,1000308,1
39944.484382,4,0,0,999946,1
39948.345205,4,0,0,1000023,1
39957.656984,4,0,0,1000166,1
39958.881306,4,0,0,1000093,1
39964.108971,4,0,0,1000005,1
39971.617103,4,0,0,999961,1
39978.741564,4,0,0,1000045,1
39979.405132,4,0,0,1000020,1
39981.205636,4,0,0,1000039,1
39994.108803,4,0,0,1000034,1
40001.229817,4,0,0,999716,1
40002.033076,4,0,0,999740,1
40005.189085,4,0,0,999777,1
40013.148007,4,0,0,999768,1
40022.529774,4,0,0,999682,1
40026.038009,4,0,0,999728,1
40026.549321,4,0,0,999794,1
40027.732989,4,0,0,999814,1
40027.851283,4,0,0,999819,1
40028.717426,4,0,0,999842,1
40029.018914,4,0,0,999842,1
40034.773995,4,0,0,999951,1
40040.544403,4,0,0,999923,1
40043.344320,4,0,0,999844,1
40053.517799,4,0,0,999838,1
40054.273808,4,0,0,999889,1
40055.304750,4,0,0,999816,1
40059.822909,4,0,0,999714,1
40063.412378,4,0,0,999775,1
40064.035311,4,0,0,999737,1
40075.380850,4,0,0,999837,1
40080.029119,4,0,0,999760,1
40084.504973,4,0,0,999880,1
40086.737170,4,0,0,999915,1
40091.191797,4,0,0,999730,1
40091.546443,4,0,0,999734,1
40093.259601,4,0,0,999821,1
40098.055961,4,0,0,999760,1
40102.420476,4,0,0,999965,1
40105.989213,4,0,0,999859,1
40106.249995,4,0,0,999859,1
40108.104922,4,0,0,999953,1
40128.027723,4,0,0,999806,1
40141.737033,4,0,0,1000007,1
40149.939885,4,0,0,1000156,1
40150.254817,4,0,0,1000165,1
40150.619640,4,0,0,1000202,1
40151.762560,4,0,0,1000237,1
40160.169855,4,0,0,1000189,1
40161.259986,4,0,0,1000237,1
40162.480245,4,0,0,1000177,1
40163.922100,4,0,0,1000352,1
40170.237987,4,0,0,1000542,1
40173.822448,4,0,0,1000614,1
40183.238513,4,0,0,1000570,1
40183.616556,4,0,0,1000574,1
40183.869564,4,0,0,1000570,1
40192.820165,4,0,0,1000562,1
40193.371649,4,0,0,1000603,1
40199.370796,4,0,0,1000652,1
40203.805576,4,0,0,1000709,1
40204.915714,4,0,0,1000684,1
40206.356372,4,0,0,1000648,1
40212.790727,4,0,0,1000755,1
40212.895562,4,0,0,1000785,1
40227.790134,4,0,0,1000927,1
40228.009882,4,0,0,1000932,1
40228.852769,4,0,0,1000924,1
40233.735620,4,0,0,1000670,1
40234.316233,4,0,0,1000653,1
40263.303136,4,0,0,1000635,1
40266.015274,4,0,0,1000548,1
40266.356783,4,0,0,1000549,1
40267.218849,4,0,0,1000581,1
40270.954192,4,0,0,1000715,1
40280.717311,4,0,0,1000717,1
40282.137556,4,0,0,1000773,1
40284.574361,4,0,0,1000852,1
40288.597077,4,0,0,1000910,1
40293.624666,4,0,0,1000933,1
40299.765656,4,0,0,1000946,1
40301.642659,4,0,0,1000977,1
40303.856031,4,0,0,1001031,1
40313.742630,4,0,0,1000772,1
40325.049026,4,0,0,1001070,1
40327.631440,4,0,0,1001018,1
40354.730760,4,0,0,1000987,1
40355.651316,4,0,0,1000925,1
40363.936268,4,0,0,1000784,1
40375.389419,4,0,0,1000698,1
40379.364636,4,0,0,1000615,1
40384.992620,4,0,0,1000742,1
40385.288882,4,0,0,1000738,1
40394.128029,4,0,0,1000810,1
40399.622010,4,0,0,1000632,1
40403.750741,4,0,0,1000450,1
40407.911434,4,0,0,1000528,1
40408.744472,4,0,0,1000548,1
40417.727465,4,0,0,1000568,1
40421.327581,4,0,0,1000662,1
40425.802997,4,0,0,1000607,1
40426.694124,4,0,0,1000643,1
40431.422529,4,0,0,1000735,1
40432.723999,4,0,0,1000763,1
40439.593108,4,0,0,1000799,1
40439.726984,4,0,0,1000810,1
40440.362106,4,0,0,1000824,1
40441.495731,4,0,0,1000807,1
40443.945036,4,0,0,1000844,1
40453.722467,4,0,0,1001184,1
40453.755095,4,0,0,1001191,1
40457.635461,4,0,0,1001039,1
40457.810744,4,0,0,1001021,1
40460.092815,4,0,0,1001101,1
40461.785199,4,0,0,1001143,1
40462.642231,4,0,0,1001213,1
40465.761884,4,0,0,1001234,1
40467.761254,4,0,0,1001201,1
40469.212599,4,0,0,1001180,1
40473.734192,4,0,0,1001250,1
40475.073427,4,0,0,1001139,1
40492.166382,4,0,0,1001042,1
40493.538246,4,0,0,1001043,1
40514.903910,4,0,0,1001236,1
40515.745134,4,0,0,1001271,1
40530.055536,4,0,0,1001414,1
40530.365227,4,0,0,1001412,1
40530.400851,4,0,0,1001419,1
40530.891131,4,0,0,1001455,1
40536.761855,4,0,0,1001385,1
40538.027658,4,0,0,1001342,1
40539.568973,4,0,0,1001271,1
40544.916750,4,0,0,1001290,1
40545.059880,4,0,0,1001271,1
40548.774422,4,0,0,1001190,1
40551.218870,4,0,0,1001287,1
40552.060014,4,0,0,1001257,1
40563.663078,4,0,0,1001135,1
40565.799146,4,0,0,1001161,1
40567.445276,4,0,0,1001176,1
40573.113492,4,0,0,1001263,1
40582.359436,4,0,0,1001280,1
40583.596563,4,0,0,1001224,1
40584.246690,4,0,0,1001229,1
40599.636664,4,0,0,1001019,1
40602.302176,4,0,0,1000993,1
40605.962215,4,0,0,1000853,1
40608.880575,4,0,0,1000964,1
40617.293297,4,0,0,1000809,1
40619.971262,4,0,0,1000908,1
40626.734720,4,0,0,1000904,1
40630.270624,4,0,0,1000890,1
40630.667570,4,0,0,1000911,1
40634.070856,4,0,0,1001139,1
40643.320918,4,0,0,1001312,1
40646.941299,4,0,0,1001324,1
40649.325956,4,0,0,1001360,1
40649.450122,4,0,0,1001354,1
40655.225787,4,0,0,1001451,1
40657.608943,4,0,0,1001430,1
40659.475967,4,0,0,1001398,1
40661.682754,4,0,0,1001438,1
40664.267650,4,0,0,1001284,1
40666.223218,4,0,0,1001346,1
40667.871687,4,0,0,1001245,1
40670.821477,4,0,0,1001292,1
40671.049713,4,0,0,1001310,1
40672.272792,4,0,0,1001356,1
40675.028398,4,0,0,1001286,1
40685.357285,4,0,0,1001376,1
40688.028565,4,0,0,1001203,1
40691.908440,4,0,0,1001251,1
40702.617943,4,0,0,1001036,1
40710.452313,4,0,0,1001076,1
40716.407352,4,0,0,1001076,1
40721.025580,4,0,0,1001024,1
40725.356491,4,0,0,1000731,1
40726.366851,4,0,0,1000828,1
40727.060839,4,0,0,1000839,1
40727.334681,4,0,0,1000837,1
40727.805580,4,0,0,1000853,1
40732.367918,4,0,0,1000816,1
40736.850212,4,0,0,1000822,1
40737.031844,4,0,0,1000814,1
40745.742022,4,0,0,1000646,1
40748.526620,4,0,0,1000759,1
40752.222236,4,0,0,1000828,1
40752.587266,4,0,0,1000826,1
40761.933786,4,0,0,1000914,1
40762.332698,4,0,0,1000986,1
40763.465515,4,0,0,1001006,1
40766.456808,4,0,0,1001001,1
40769.747630,4,0,0,1000994,1
40773.389531,4,0,0,1001000,1
40786.532291,4,0,0,1001078,1
40786.702455,4,0,0,1001081,1
40792.092850,4,0,0,1001116,1
40794.777957,4,0,0,1000914,1
40802.772910,4,0,0,1001024,1
40808.036412,4,0,0,1001037,1
40816.040758,4,0,0,1001152,1
40825.560783,4,0,0,1001001,1
40832.807051,4,0,0,1001032,1
40833.485132,4,0,0,1000952,1
40837.168169,4,0,0,1000861,1
40844.262218,4,0,0,1001081,1
40851.379680,4,0,0,1000998,1
40863.894373,4,0,0,1000862,1
40866.464558,4,0,0,1000817,1
40866.507605,4,0,0,1000819,1
40872.717573,4,0,0,1000790,1
40874.275646,4,0,0,1000773,1
40879.370992,4,0,0,1000881,1
40879.611068,4,0,0,1000914,1
40881.709894,4,0,0,1001003,1
40886.503389,4,0,0,1001054,1
40887.147416,4,0,0,1001064,1
40888.970782,4,0,0,1001148,1
40889.719814,4,0,0,1001199,1
40900.317361,4,0,0,1001124,1
40907.432896,4,0,0,1001281,1
40912.296605,4,0,0,1001112,1
40915.804346,4,0,0,1001016,1
40933.963160,4,0,0,1000968,1
40935.393325,4,0,0,1000907,1
40941.237029,4,0,0,1001031,1
40941.668146,4,0,0,1001069,1
40946.313631,4,0,0,1001175,1
40947.352420,4,0,0,1001229,1
40947.397630,4,0,0,1001237,1
40958.865753,4,0,0,1001549,1
40960.431696,4,0,0,1001558,1
40982.589507,4,0,0,1001701,1
40988.033238,4,0,0,1001515,1
40993.345215,4,0,0,1001436,1
40998.694481,4,0,0,1001412,1
41021.996622,4,0,0,1001351,1
41023.213302,4,0,0,1001373,1
41044.212845,4,0,0,1001158,1
41046.068018,4,0,0,1001165,1
41046.541275,4,0,0,1001175,1
41058.750536,4,0,0,1001046,1
41059.239720,4,0,0,1001043,1
41062.322408,4,0,0,1000885,1
41070.907655,4,0,0,1000838,1
41072.455424,4,0,0,1000979,1
41078.544228,4,0,0,1001026,1
41083.453068,4,0,0,1001010,1
41089.068290,4,0,0,1000943,1
41089.849165,4,0,0,1000966,1
41095.651800,4,0,0,1000901,1
41104.402165,4,0,0,1001088,1
41105.130547,4,0,0,1001082,1
41120.599125,4,0,0,1000966,1
41135.092663,4,0,0,1001058,1
41136.928205,4,0,0,1001007,1
41151.789049,4,0,0,1001252,1
41165.114765,4,0,0,1001170,1
41165.707115,4,0,0,1001168,1
41172.220852,4,0,0,1001232,1
41187.909321,4,0,0,1001368,1
41196.202816,4,0,0,1001142,1
41196.883374,4,0,0,1001252,1
41199.388566,4,0,0,1001356,1
41203.356567,4,0,0,1001166,1
41205.575705,4,0,0,1001060,1
41207.905629,4,0,0,1001101,1
41208.390228,4,0,0,1001092,1
41208.424302,4,0,0,1001105,1
41210.171386,4,0,0,1001132,1
41212.803919,4,0,0,1000969,1
41216.936954,4,0,0,1000861,1
41231.798061,4,0,0,1000847,1
41232.246058,4,0,0,1000807,1
41234.284174,4,0,0,1000698,1
41244.040311,4,0,0,1000726,1
41252.390554,4,0,0,1000633,1
41252.958063,4,0,0,1000581,1
41258.342192,4,0,0,1000620,1
41258.789813,4,0,0,1000634,1
41272.714143,4,0,0,1000659,1
41274.153230,4,0,0,1000749,1
41278.606898,4,0,0,1000730,1
41281.646907,4,0,0,1000620,1
41285.075728,4,0,0,1000603,1
41286.226664,4,0,0,1000685,1
41288.350785,4,0,0,1000751,1
41289.936855,4,0,0,1000669,1
41294.508394,4,0,0,1000558,1
41297.131418,4,0,0,1000509,1
41301.412109,4,0,0,1000733,1
41305.089352,4,0,0,1000824,1
41310.331090,4,0,0,1000996,1
41328.065102,4,0,0,1000598,1
41331.710047,4,0,0,1000550,1
41335.489389,4,0,0,1000635,1
41340.040137,4,0,0,1000844,1
41343.829810,4,0,0,1001027,1
41346.362388,4,0,0,1001016,1
41347.712107,4,0,0,1000901,1
41351.386720,4,0,0,1000840,1
41352.736732,4,0,0,1000747,1
41357.885873,4,0,0,1000635,1
41368.280068,4,0,0,1000452,1
41375.976125,4,0,0,1000513,1
41383.355170,4,0,0,1000581,1
41384.501409,4,0,0,1000664,1
41384.664875,4,0,0,1000668,1
41385.753945,4,0,0,1000649,1
41389.790418,4,0,0,1000693,1
41390.427846,4,0,0,1000711,1
41390.932406,4,0,0,1000646,1
41420.288070,4,0,0,1000985,1
41422.379311,4,0,0,1000834,1
41422.693386,4,0,0,1000833,1
41426.117894,4,0,0,1000847,1
41431.832151,4,0,0,1000951,1
41434.779802,4,0,0,1000943,1
41435.452995,4,0,0,1000880,1
41438.910231,4,0,0,1000984,1
41439.252445,4,0,0,1000996,1
41445.518494,4,0,0,1001054,1
41458.891187,4,0,0,1000892,1
41459.095909,4,0,0,1000915,1
41463.135794,4,0,0,1000933,1
41471.630019,4,0,0,1000743,1
41476.520972,4,0,0,1000759,1
41477.292703,4,0,0,1000737,1
41477.630144,4,0,0,1000787,1
41480.553259,4,0,0,1000741,1
41480.789700,4,0,0,1000712,1
41489.455329,4,0,0,1000866,1
41492.927061,4,0,0,1000862,1
41494.747840,4,0,0,1000852,1
41501.791707,4,0,0,1000675,1
41502.945956,4,0,0,1000836,1
41506.393232,4,0,0,1000894,1
41509.765748,4,0,0,1000955,1
41510.290719,4,0,0,1000991,1
41518.006097,4,0,0,1000942,1
41523.739231,4,0,0,1000836,1
41524.799847,4,0,0,1000894,1
41527.493932,4,0,0,1000875,1
41529.262901,4,0,0,1000824,1
41542.504209,4,0,0,1000605,1
41547.772160,4,0,0,1000648,1
41561.579109,4,0,0,1000773,1
41568.536637,4,0,0,1000869,1
41576.033612,4,0,0,1000984,1
41577.808684,4,0,0,1001002,1
41586.836087,4,0,0,1000894,1
41588.784570,4,0,0,1000835,1
41597.170313,4,0,0,1000842,1
41603.084606,4,0,0,1000709,1
41606.490314,4,0,0,1000607,1
41607.382913,4,0,0,1000571,1
41611.773157,4,0,0,1000512,1
41616.455266,4,0,0,1000619,1
41621.985460,4,0,0,1000777,1
41622.313501,4,0,0,1000719,1
41623.685892,4,0,0,1000710,1
41627.620504,4,0,0,1000657,1
41636.768318,4,0,0,1000731,1
41638.033193,4,0,0,1000735,1
41648.899296,4,0,0,1000753,1
41666.563269,4,0,0,1000630,1
41667.008498,4,0,0,1000700,1
41673.163027,4,0,0,1000629,1
41675.584899,4,0,0,1000623,1
41676.294164,4,0,0,1000517,1
41677.497278,4,0,0,1000457,1
41679.640848,4,0,0,1000445,1
41679.727268,4,0,0,1000464,1
41685.396463,4,0,0,1000454,1
41688.286093,4,0,0,1000397,1
41690.315667,4,0,0,1000475,1
41699.982210,4,0,0,1000610,1
41716.196933,4,0,0,1000617,1
41719.127435,4,0,0,1000679,1
41720.906369,4,0,0,1000563,1
41725.324938,4,0,0,1000685,1
41727.810961,4,0,0,1000788,1
41738.431679,4,0,0,1000781,1
41740.058056,4,0,0,1000735,1
41740.713259,4,0,0,1000722,1
41740.785802,4,0,0,1000721,1
41741.678321,4,0,0,1000733,1
41742.152859,4,0,0,1000735,1
41753.701092,4,0,0,1000409,1
41759.146262,4,0,0,1000517,1
41763.304593,4,0,0,1000531,1
41777.147102,4,0,0,1000596,1
41781.748700,4,0,0,1000631,1
41787.602072,4,0,0,1000497,1
41788.427120,4,0,0,1000514,1
41790.048028,4,0,0,1000546,1
41794.640850,4,0,0,1000758,1
41803.280794,4,0,0,1000750,1
41804.865076,4,0,0,1000771,1
41807.754787,4,0,0,1000815,1
41809.338868,4,0,0,1000838,1
41810.971240,4,0,0,1000841,1
41815.059839,4,0,0,1000822,1
41827.074973,4,0,0,1000748,1
41844.931082,4,0,0,1000801,1
41848.918624,4,0,0,1000988,1
41849.035586,4,0,0,1000976,1
41850.581843,4,0,0,1000985,1
41855.678623,4,0,0,1001172,1
41868.047980,4,0,0,1000940,1
41868.802834,4,0,0,1000909,1
41877.232196,4,0,0,1000915,1
41887.346044,4,0,0,1000935,1
41887.795735,4,0,0,1000921,1
41899.037996,4,0,0,1000908,1
41903.362854,4,0,0,1001033,1
41912.310415,4,0,0,1000946,1
41917.663395,4,0,0,1000781,1
41923.090488,4,0,0,1000791,1
41933.023479,4,0,0,1000754,1
41939.904583,4,0,0,1000733,1
41942.416747,4,0,0,1000611,1
41944.720836,4,0,0,1000543,1
41961.279458,4,0,0,1000250,1
41962.744343,4,0,0,1000166,1
41965.004327,4,0,0,1000169,1
41965.747253,4,0,0,1000146,1
41967.726979,4,0,0,1000167,1
41971.921575,4,0,0,1000428,1
41972.951537,4,0,0,1000405,1
41975.603860,4,0,0,1000489,1
41980.089081,4,0,0,1000604,1
41982.415385,4,0,0,1000573,1
41989.141797,4,0,0,1000450,1
41992.604347,4,0,0,1000427,1
41994.483755,4,0,0,1000346,1
42000.650818,4,0,0,1000448,1
42004.510190,4,0,0,1000505,1
42007.382069,4,0,0,1000463,1
42008.221770,4,0,0,1000492,1
42028.941391,4,0,0,1000778,1
42029.854741,4,0,0,1000776,1
42032.175454,4,0,0,1000794,1
42036.385875,4,0,0,1000838,1
42049.326788,4,0,0,1000609,1
42051.041489,4,0,0,1000603,1
42051.623288,4,0,0,1000577,1
42057.486583,4,0,0,1000687,1
42071.898366,4,0,0,1000608,1
42074.773084,4,0,0,1000572,1
42104.497215,4,0,0,1000693,1
42106.354368,4,0,0,1000708,1
42116.512551,4,0,0,1000598,1
42116.519472,4,0,0,1000603,1
42121.959617,4,0,0,1000586,1
42132.305932,4,0,0,1000473,1
42133.875730,4,0,0,1000342,1
42142.872600,4,0,0,1000428,1
42147.245912,4,0,0,1000379,1
42149.090740,4,0,0,1000458,1
42149.301016,4,0,0,1000515,1
42154.480733,4,0,0,1000627,1
42156.730178,4,0,0,1000614,1
42160.480489,4,0,0,1000624,1
42161.538918,4,0,0,1000640,1
42161.632331,4,0,0,1000658,1
42162.119293,4,0,0,1000657,1
42167.014994,4,0,0,1000797,1
42167.666627,4,0,0,1000826,1
42169.354772,4,0,0,1000832,1
42173.639193,4,0,0,1000986,1
42175.163390,4,0,0,1001064,1
42178.222935,4,0,0,1001128,1
42180.765301,4,0,0,1001031,1
42187.944215,4,0,0,1001006,1
42190.413188,4,0,0,1001183,1
42192.003764,4,0,0,1001163,1
42212.398354,4,0,0,1001348,1
42213.305211,4,0,0,1001367,1
42218.193136,4,0,0,1001427,1
42222.865061,4,0,0,1001295,1
42224.921186,4,0,0,1001227,1
42231.427921,4,0,0,1001346,1
42238.126845,4,0,0,1001436,1
42241.219288,4,0,0,1001340,1
42243.084335,4,0,0,1001354,1
42243.658861,4,0,0,1001373,1
42253.407583,4,0,0,1001554,1
42273.127814,4,0,0,1001655,1
42274.701106,4,0,0,1001788,1
42276.545314,4,0,0,1001871,1
42281.506259,4,0,0,1001823,1
42288.718359,4,0,0,1002039,1
42297.640471,4,0,0,1002056,1
42304.621578,4,0,0,1001900,1
42310.074281,4,0,0,1001901,1
42314.724528,4,0,0,1001816,1
42314.793993,4,0,0,1001811,1
42318.010207,4,0,0,1001810,1
42323.903285,4,0,0,1001973,1
42325.626851,4,0,0,1001884,1
42326.982291,4,0,0,1002019,1
42329.527090,4,0,0,1002041,1
42333.283611,4,0,0,1002240,1
42333.336599,4,0,0,1002242,1
42339.993192,4,0,0,1002209,1
42345.888064,4,0,0,1002264,1
42347.105130,4,0,0,1002261,1
42348.471279,4,0,0,1002271,1
42349.387841,4,0,0,1002332,1
42351.924764,4,0,0,1002328,1
42367.293640,4,0,0,1002145,1
42369.661284,4,0,0,1002057,1
42382.105071,4,0,0,1001957,1
42383.060963,4,0,0,1001962,1
42384.368845,4,0,0,1001884,1
42387.748845,4,0,0,1001809,1
42388.531731,4,0,0,1001828,1
42389.106609,4,0,0,1001782,1
42394.406140,4,0,0,1001829,1
42396.409664,4,0,0,1001910,1
42402.145080,4,0,0,1001738,1
42403.377343,4,0,0,1001711,1
42405.080953,4,0,0,1001779,1
42415.756722,4,0,0,1001711,1
42419.899421,4,0,0,1001683,1
42420.524699,4,0,0,1001701,1
42423.133949,4,0,0,1001704,1
42423.637967,4,0,0,1001686,1
42423.965554,4,0,0,1001687,1
42427.935262,4,0,0,1001794,1
42428.501655,4,0,0,1001757,1
42429.654910,4,0,0,1001776,1
42430.015167,4,0,0,1001790,1
42430.579060,4,0,0,1001816,1
42433.423065,4,0,0,1001803,1
42434.288789,4,0,0,1001706,1
42436.093032,4,0,0,1001733,1
42438.823452,4,0,0,1001606,1
42439.855041,4,0,0,1001581,1
42440.547630,4,0,0,1001659,1
42441.312135,4,0,0,1001616,1
42454.862611,4,0,0,1001430,1
42456.912263,4,0,0,1001405,1
42459.818942,4,0,0,1001420,1
42466.502052,4,0,0,1001464,1
42473.898059,4,0,0,1001515,1
42479.585393,4,0,0,1001462,1
42490.221480,4,0,0,1001575,1
42493.857594,4,0,0,1001578,1
42494.725238,4,0,0,1001523,1
42499.253470,4,0,0,1001369,1
42502.132133,4,0,0,1001353,1
42510.590898,4,0,0,1001153,1
42511.921363,4,0,0,1001168,1
42517.324904,4,0,0,1001139,1
42517.373298,4,0,0,1001124,1
42519.681979,4,0,0,1001056,1
42521.712528,4,0,0,1001023,1
42522.186308,4,0,0,1001043,1
42530.406256,4,0,0,1001293,1
42538.788965,4,0,0,1001241,1
42540.166547,4,0,0,1001264,1
42546.109543,4,0,0,1001013,1
42557.216656,4,0,0,1000965,1
42561.364285,4,0,0,1000778,1
42563.563451,4,0,0,1000700,1
42569.044449,4,0,0,1000762,1
42571.450307,4,0,0,1000723,1
42575.500625,4,0,0,1000624,1
42580.676918,4,0,0,1000613,1
42582.333513,4,0,0,1000650,1
42587.522714,4,0,0,1000538,1
42590.911685,4,0,0,1000717,1
42595.209910,4,0,0,1000605,1
42596.840296,4,0,0,1000581,1
42603.387453,4,0,0,1000626,1
42604.160427,4,0,0,1000639,1
42607.293489,4,0,0,1000632,1
42610.920007,4,0,0,1000559,1
42610.959322,4,0,0,1000553,1
42618.587572,4,0,0,1000512,1
42622.452264,4,0,0,1000678,1
42622.845007,4,0,0,1000735,1
42631.877352,4,0,0,1000561,1
42637.797991,4,0,0,1000838,1
42649.565811,4,0,0,1000713,1
42655.041229,4,0,0,1000733,1
42658.387933,4,0,0,1000629,1
42665.857021,4,0,0,1000673,1
42667.978883,4,0,0,1000713,1
42670.713008,4,0,0,1000693,1
42672.817302,4,0,0,1000750,1
42674.703541,4,0,0,1000703,1
42688.428479,4,0,0,1000564,1
42691.803595,4,0,0,1000593,1
42695.189051,4,0,0,1000700,1
42697.462810,4,0,0,1000531,1
42699.360627,4,0,0,1000612,1
42700.615798,4,0,0,1000583,1
42714.853949,4,0,0,1000351,1
42721.157999,4,0,0,1000456,1
42724.293135,4,0,0,1000505,1
42728.643491,4,0,0,1000565,1
42737.362526,4,0,0,1000599,1
42739.570668,4,0,0,1000699,1
42741.154972,4,0,0,1000765,1
42744.255439,4,0,0,1000665,1
42747.202617,4,0,0,1000557,1
42755.697671,4,0,0,1000535,1
42766.447030,4,0,0,1000518,1
42775.811186,4,0,0,1000516,1
42781.476306,4,0,0,1000525,1
42785.064208,4,0,0,1000711,1
42785.981802,4,0,0,1000691,1
42798.782861,4,0,0,1000601,1
42807.986489,4,0,0,1000641,1
42811.556146,4,0,0,1000645,1
42818.262862,4,0,0,1000791,1
42829.227843,4,0,0,1000677,1
42830.963677,4,0,0,1000624,1
42835.040065,4,0,0,1000506,1
42850.313754,4,0,0,1000425,1
42851.522322,4,0,0,1000458,1
42852.299858,4,0,0,1000488,1
42866.549522,4,0,0,1000651,1
42876.524160,4,0,0,1000684,1
42876.737733,4,0,0,1000692,1
42880.884732,4,0,0,1000653,1
42885.842374,4,0,0,1000460,1
42891.873866,4,0,0,1000364,1
42896.452180,4,0,0,1000423,1
42900.403744,4,0,0,1000481,1
42904.874117,4,0,0,1000625,1
42909.494906,4,0,0,1000489,1
42909.957779,4,0,0,1000434,1
42910.871351,4,0,0,1000428,1
42912.482490,4,0,0,1000452,1
42925.053340,4,0,0,1000555,1
42928.061238,4,0,0,1000614,1
42932.607161,4,0,0,1000754,1
42949.123105,4,0,0,1000864,1
42949.629031,4,0,0,1000833,1
42950.651064,4,0,0,1000860,1
42952.230497,4,0,0,1000822,1
42964.249951,4,0,0,1000775,1
42970.301054,4,0,0,1000849,1
42970.969771,4,0,0,1000783,1
42971.321617,4,0,0,1000765,1
42972.212029,4,0,0,1000790,1
42984.028822,4,0,0,1000700,1
42986.641425,4,0,0,1000651,1
42996.384081,4,0,0,1000912,1
43005.345720,4,0,0,1001068,1
43021.575006,4,0,0,1001473,1
43025.310418,4,0,0,1001433,1
43026.836922,4,0,0,1001486,1
43030.290072,4,0,0,1001599,1
43040.984384,4,0,0,1001721,1
43055.114521,4,0,0,1001561,1
43057.537995,4,0,0,1001617,1
43060.729761,4,0,0,1001489,1
43068.372337,4,0,0,1001303,1
43070.790009,4,0,0,1001389,1
43072.099745,4,0,0,1001411,1
43073.665820,4,0,0,1001439,1
43076.792680,4,0,0,1001381,1
43078.094170,4,0,0,1001376,1
43085.008840,4,0,0,1001077,1
43090.268026,4,0,0,1001115,1
43103.164638,4,0,0,1001155,1
43109.730401,4,0,0,1001187,1
43112.616923,4,0,0,1001306,1
43113.580961,4,0,0,1001342,1
43114.863342,4,0,0,1001388,1
43125.279750,4,0,0,1001254,1
43130.105084,4,0,0,1001154,1
43130.645406,4,0,0,1001157,1
43133.957034,4,0,0,1001205,1
43140.904417,4,0,0,1001306,1
43148.713240,4,0,0,1001491,1
43157.455146,4,0,0,1001623,1
43169.019662,4,0,0,1001504,1
43172.166700,4,0,0,1001548,1
43177.426494,4,0,0,1001646,1
43177.790623,4,0,0,1001673,1
43182.969814,4,0,0,1001634,1
43186.424989,4,0,0,1001693,1
43187.570746,4,0,0,1001617,1
43188.964387,4,0,0,1001631,1
43194.844382,4,0,0,1001531,1
43196.068315,4,0,0,1001484,1
43198.073973,4,0,0,1001473,1
43200.335559,4,0,0,1001469,1
43207.175972,4,0,0,1001269,1
43208.198884,4,0,0,1001303,1
43208.593364,4,0,0,1001319,1
43209.561806,4,0,0,1001412,1
43215.520667,4,0,0,1001491,1
43215.768239,4,0,0,1001449,1
43219.631459,4,0,0,1001309,1
43222.984780,4,0,0,1001360,1
43225.225104,4,0,0,1001304,1
43227.264587,4,0,0,1001239,1
43230.962607,4,0,0,1001307,1
43231.262641,4,0,0,1001317,1
43233.126292,4,0,0,1001275,1
43235.701009,4,0,0,1001264,1
43236.430692,4,0,0,1001275,1
43239.985330,4,0,0,1001184,1
43241.755017,4,0,0,1001215,1
43242.079319,4,0,0,1001197,1
43242.734518,4,0,0,1001233,1
43244.633481,4,0,0,1001187,1
43249.815994,4,0,0,1001135,1
43257.514916,4,0,0,1001093,1
43260.698204,4,0,0,1001087,1
43260.926873,4,0,0,1001084,1
43265.390973,4,0,0,1001028,1
43276.658671,4,0,0,1000828,1
43276.911540,4,0,0,1000789,1
43278.953821,4,0,0,1000751,1
43279.035085,4,0,0,1000757,1
43283.151072,4,0,0,1000836,1
43283.677517,4,0,0,1000843,1
43297.200830,4,0,0,1001081,1
43299.701774,4,0,0,1001116,1
43304.343929,4,0,0,1001023,1
43306.248946,4,0,0,1001072,1
43308.205696,4,0,0,1001167,1
43308.261174,4,0,0,1001173,1
43317.891800,4,0,0,1001213,1
43319.394310,4,0,0,1001190,1
43320.758984,4,0,0,1001157,1
43322.891773,4,0,0,1001164,1
43323.864435,4,0,0,1001095,1
43325.654260,4,0,0,1001187,1
43327.231912,4,0,0,1001196,1
43344.856472,4,0,0,1001075,1
43354.845230,4,0,0,1001158,1
43356.431443,4,0,0,1001088,1
43365.166958,4,0,0,1000956,1
43365.352788,4,0,0,1000963,1
43369.371470,4,0,0,1000931,1
43378.890873,4,0,0,1001013,1
43380.059528,4,0,0,1001047,1
43380.898335,4,0,0,1001110,1
43388.452982,4,0,0,1000907,1
43393.516415,4,0,0,1000855,1
43410.988752,4,0,0,1001043,1
43411.815252,4,0,0,1001038,1
43412.583295,4,0,0,1001021,1
43412.855652,4,0,0,1001006,1
43414.729345,4,0,0,1001127,1
43414.963106,4,0,0,1001131,1
43419.512763,4,0,0,1001069,1
43419.941908,4,0,0,1001063,1
43422.836555,4,0,0,1001072,1
43426.296073,4,0,0,1001273,1
43426.727752,4,0,0,1001261,1
43432.355314,4,0,0,1001326,1
43454.639085,4,0,0,1001206,1
43456.996184,4,0,0,1001161,1
43460.472874,4,0,0,1001132,1
43462.721457,4,0,0,1001197,1
43481.373367,4,0,0,1000932,1
43490.457124,4,0,0,1000861,1
43507.015835,4,0,0,1000748,1
43509.350530,4,0,0,1000743,1
43511.168279,4,0,0,1000564,1
43511.246054,4,0,0,1000561,1
43511.628348,4,0,0,1000553,1
43526.594300,4,0,0,1000403,1
43530.790718,4,0,0,1000326,1
43533.614474,4,0,0,1000359,1
43534.435588,4,0,0,1000366,1
43547.729073,4,0,0,1000170,1
43547.920984,4,0,0,1000112,1
43552.919803,4,0,0,1000314,1
43557.287169,4,0,0,1000402,1
43563.567438,4,0,0,1000173,1
43570.075146,4,0,0,1000089,1
43575.440157,4,0,0,1000082,1
43579.293941,4,0,0,1000015,1
43582.011617,4,0,0,1000045,1
43589.749252,4,0,0,1000184,1
43590.430206,4,0,0,1000218,1
43592.017007,4,0,0,1000320,1
43599.293688,4,0,0,1000508,1
43609.804677,4,0,0,1000680,1
43614.991562,4,0,0,1000753,1
43615.236061,4,0,0,1000765,1
43623.719386,4,0,0,1000632,1
43640.240509,4,0,0,1000465,1
43643.189159,4,0,0,1000561,1
43645.554773,4,0,0,1000560,1
43647.630926,4,0,0,1000576,1
43652.089855,4,0,0,1000375,1
43652.978912,4,0,0,1000366,1
43653.670033,4,0,0,1000444,1
43676.102709,4,0,0,1000285,1
43679.425878,4,0,0,1000304,1
43682.882447,4,0,0,1000192,1
43684.596884,4,0,0,1000211,1
43684.815332,4,0,0,1000220,1
43685.134156,4,0,0,1000260,1
43685.424592,4,0,0,1000281,1
43691.229022,4,0,0,1000211,1
43698.460451,4,0,0,1000104,1
43712.899300,4,0,0,1000056,1
43731.754755,4,0,0,1000046,1
43732.538304,4,0,0,1000071,1
43732.611054,4,0,0,1000079,1
43738.123569,4,0,0,1000043,1
43739.774744,4,0,0,1000013,1
43752.003429,4,0,0,999991,1
43755.200067,4,0,0,1000004,1
43757.956502,4,0,0,999941,1
43760.565052,4,0,0,1000070,1
43762.317833,4,0,0,1000104,1
43766.285535,4,0,0,999971,1
43767.262302,4,0,0,999962,1
43785.327847,4,0,0,1000214,1
43793.180297,4,0,0,1000394,1
43802.356696,4,0,0,1000374,1
43816.299218,4,0,0,1000034,1
43821.786648,4,0,0,1000015,1
43832.882272,4,0,0,999746,1
43839.293430,4,0,0,999989,1
43842.366135,4,0,0,1000023,1
43842.467412,4,0,0,1000012,1
43845.929461,4,0,0,999967,1
43849.635960,4,0,0,999884,1
43856.008894,4,0,0,999893,1
43865.719493,4,0,0,1000266,1
43870.455150,4,0,0,1000167,1
43870.891111,4,0,0,1000189,1
43871.350391,4,0,0,1000217,1
43881.140349,4,0,0,1000352,1
43891.312922,4,0,0,1000323,1
43893.759283,4,0,0,1000325,1
43894.097323,4,0,0,1000358,1
43894.640238,4,0,0,1000316,1
43895.220653,4,0,0,1000329,1
43906.931474,4,0,0,1000637,1
43909.424213,4,0,0,1000677,1
43912.402798,4,0,0,1000709,1
43920.573835,4,0,0,1000433,1
43921.907082,4,0,0,1000397,1
43925.543011,4,0,0,1000423,1
43929.669995,4,0,0,1000653,1
43932.233244,4,0,0,1000809,1
43932.847183,4,0,0,1000733,1
43935.482487,4,0,0,1000780,1
43936.050502,4,0,0,1000744,1
43937.875808,4,0,0,1000712,1
43940.320307,4,0,0,1000700,1
43941.329571,4,0,0,1000655,1
43969.727377,4,0,0,1000810,1
43975.323737,4,0,0,1000810,1
43988.133268,4,0,0,1000602,1
44000.985083,4,0,0,1000758,1
44002.601559,4,0,0,1000768,1
44003.350357,4,0,0,1000725,1
44026.270929,4,0,0,1000653,1
44029.682578,4,0,0,1000576,1
44035.083907,4,0,0,1000579,1
44044.707969,4,0,0,1000657,1
44046.693402,4,0,0,1000695,1
44050.981456,4,0,0,1000728,1
44052.679823,4,0,0,1000784,1
44053.839044,4,0,0,1000865,1
44054.006503,4,0,0,1000852,1
44055.291343,4,0,0,1000796,1
44056.662236,4,0,0,1000778,1
44063.235682,4,0,0,1000743,1
44066.706897,4,0,0,1000726,1
44073.797560,4,0,0,1000567,1
44075.409355,4,0,0,1000421,1
44076.553973,4,0,0,1000436,1
44080.677623,4,0,0,1000550,1
44082.189393,4,0,0,1000555,1
44088.889114,4,0,0,1000424,1
44091.189165,4,0,0,1000359,1
44092.764118,4,0,0,1000315,1
44099.456398,4,0,0,1000112,1
44100.456476,4,0,0,1000160,1
44106.624867,4,0,0,1000369,1
44108.986097,4,0,0,1000345,1
44109.411255,4,0,0,1000335,1
44114.134443,4,0,0,1000394,1
44118.625971,4,0,0,1000493,1
44119.129318,4,0,0,1000490,1
44122.075212,4,0,0,1000557,1
44125.045063,4,0,0,1000621,1
44131.060000,4,0,0,1000649,1
44132.106634,4,0,0,1000610,1
44136.027873,4,0,0,1000530,1
44159.312596,4,0,0,1000757,1
44159.388145,4,0,0,1000748,1
44165.415725,4,0,0,1000676,1
44167.472365,4,0,0,1000701,1
44170.646460,4,0,0,1000889,1
44172.230842,4,0,0,1000925,1
44175.176973,4,0,0,1001003,1
44178.448339,4,0,0,1000886,1
44190.520389,4,0,0,1000959,1
44200.394479,4,0,0,1000631,1
44213.132312,4,0,0,1000488,1
44229.556713,4,0,0,1000219,1
44231.955578,4,0,0,1000204,1
44239.211210,4,0,0,1000250,1
44249.763043,4,0,0,1000350,1
44250.357937,4,0,0,1000284,1
44256.549555,4,0,0,1000440,1
44260.662480,4,0,0,1000387,1
44261.721612,4,0,0,1000377,1
44266.493915,4,0,0,1000252,1
44272.062449,4,0,0,1000022,1
44277.131735,4,0,0,1000097,1
44277.160923,4,0,0,1000095,1
44289.531882,4,0,0,1000128,1
44291.600927,4,0,0,999951,1
44299.343419,4,0,0,999838,1
44300.144416,4,0,0,999819,1
44304.549910,4,0,0,999762,1
44304.835531,4,0,0,999787,1
44308.725976,4,0,0,999612,1
44313.709395,4,0,0,999392,1
44316.051524,4,0,0,999342,1
44322.106115,4,0,0,999313,1
44325.180828,4,0,0,999442,1
44325.458433,4,0,0,999422,1
44325.648592,4,0,0,999404,1
44325.897591,4,0,0,999421,1
44327.879712,4,0,0,999421,1
44340.498242,4,0,0,999496,1
44342.404128,4,0,0,999503,1
44350.471856,4,0,0,999680,1
44355.414777,4,0,0,999780,1
44361.216016,4,0,0,999746,1
44366.313925,4,0,0,999881,1
44367.391404,4,0,0,999854,1
44377.218959,4,0,0,999946,1
44379.807922,4,0,0,999946,1
44392.861173,4,0,0,999532,1
44392.936526,4,0,0,999535,1
44393.521123,4,0,0,999516,1
44394.210084,4,0,0,999542,1
44400.423369,4,0,0,999652,1
44400.964506,4,0,0,999620,1
44403.665134,4,0,0,999413,1
44407.109683,4,0,0,999440,1
44410.558303,4,0,0,999426,1
44412.227341,4,0,0,999371,1
44422.436035,4,0,0,999414,1
44425.315273,4,0,0,999282,1
44426.237358,4,0,0,999292,1
44430.136837,4,0,0,999416,1
44430.708122,4,0,0,999332,1
44435.999268,4,0,0,999000,1
44436.909279,4,0,0,999043,1
44447.477869,4,0,0,999003,1
44447.868153,4,0,0,999019,1
44449.640722,4,0,0,998984,1
44450.802787,4,0,0,999006,1
44454.833262,4,0,0,998861,1
44457.317242,4,0,0,998772,1
44460.194877,4,0,0,998664,1
44463.033901,4,0,0,998660,1
44467.558438,4,0,0,998585,1
44469.010452,4,0,0,998540,1
44470.867689,4,0,0,998475,1
44472.296218,4,0,0,998636,1
44473.044498,4,0,0,998655,1
44477.723163,4,0,0,998736,1
44490.716937,4,0,0,998888,1
44502.143360,4,0,0,998812,1
44518.169796,4,0,0,998526,1
44518.727282,4,0,0,998558,1
44524.753167,4,0,0,998398,1
44525.123839,4,0,0,998449,1
44533.196990,4,0,0,998352,1
44542.080257,4,0,0,998234,1
44545.199470,4,0,0,998069,1
44565.968844,4,0,0,998108,1
44568.945236,4,0,0,998220,1
44572.669254,4,0,0,998256,1
44574.642282,4,0,0,998261,1
44582.801696,4,0,0,998236,1
44586.767308,4,0,0,998122,1
44590.086293,4,0,0,998128,1
44592.729893,4,0,0,998174,1
44599.420376,4,0,0,998200,1
44599.778383,4,0,0,998248,1
44604.562004,4,0,0,998455,1
44604.924315,4,0,0,998533,1
44606.094437,4,0,0,998549,1
44606.255393,4,0,0,998546,1
44609.758589,4,0,0,998488,1
44623.498018,4,0,0,998458,1
44624.643088,4,0,0,998414,1
44625.215765,4,0,0,998466,1
44628.789838,4,0,0,998568,1
44628.890628,4,0,0,998577,1
44630.954637,4,0,0,998420,1
44633.771751,4,0,0,998414,1
44634.157478,4,0,0,998437,1
44644.578227,4,0,0,998382,1
44646.893765,4,0,0,998389,1
44651.122918,4,0,0,998454,1
44651.694051,4,0,0,998475,1
44668.197996,4,0,0,998651,1
44669.156988,4,0,0,998637,1
44672.157831,4,0,0,998574,1
44672.599502,4,0,0,998636,1
44673.416726,4,0,0,998678,1
44674.114208,4,0,0,998661,1
44676.442518,4,0,0,998681,1
44676.881903,4,0,0,998656,1
44679.888017,4,0,0,998659,1
44683.869382,4,0,0,998586,1
44684.881132,4,0,0,998556,1
44691.857763,4,0,0,998696,1
44692.236044,4,0,0,998725,1
44696.324665,4,0,0,998814,1
44704.263035,4,0,0,998872,1
44708.814428,4,0,0,998915,1
44708.835742,4,0,0,998915,1
44709.208112,4,0,0,998924,1
44709.433161,4,0,0,998886,1
44710.094060,4,0,0,998849,1
44713.664996,4,0,0,998936,1
44728.964342,4,0,0,998994,1
44731.163706,4,0,0,999101,1
44738.590714,4,0,0,999164,1
44740.096616,4,0,0,999254,1
44757.300795,4,0,0,998985,1
44759.606960,4,0,0,998831,1
44760.644586,4,0,0,998859,1
44761.659717,4,0,0,998815,1
44762.239586,4,0,0,998823,1
44762.645543,4,0,0,998850,1
44775.132760,4,0,0,999007,1
44781.273133,4,0,0,998964,1
44782.025043,4,0,0,998987,1
44786.430012,4,0,0,998846,1
44789.410725,4,0,0,998943,1
44789.768468,4,0,0,998894,1
44810.814868,4,0,0,998910,1
44812.105698,4,0,0,999013,1
44816.176934,4,0,0,999006,1
44818.313061,4,0,0,999016,1
44821.509105,4,0,0,999123,1
44843.929686,4,0,0,999450,1
44850.858467,4,0,0,999349,1
44852.160070,4,0,0,999292,1
44857.977412,4,0,0,999152,1
44860.963139,4,0,0,999079,1
44862.264465,4,0,0,999186,1
44866.170489,4,0,0,999119,1
44867.443014,4,0,0,999172,1
44875.428675,4,0,0,999320,1
44877.095624,4,0,0,999403,1
44877.591751,4,0,0,999446,1
44887.089350,4,0,0,999335,1
44887.976209,4,0,0,999211,1
44893.865654,4,0,0,999203,1
44903.569863,4,0,0,999039,1
44909.776308,4,0,0,999275,1
44924.076484,4,0,0,999114,1
44925.584569,4,0,0,999146,1
44927.815668,4,0,0,999067,1
44932.638385,4,0,0,999037,1
44933.235846,4,0,0,999002,1
44954.481314,4,0,0,998973,1
44959.637997,4,0,0,999223,1
44965.080581,4,0,0,999351,1
44969.269688,4,0,0,999231,1
44972.629909,4,0,0,999275,1
44973.663533,4,0,0,999259,1
44974.196610,4,0,0,999264,1
44975.600136,4,0,0,999305,1
44975.737202,4,0,0,999302,1
44980.406727,4,0,0,999153,1
44981.359296,4,0,0,999170,1
44993.498056,4,0,0,999212,1
44994.052079,4,0,0,999168,1
44995.896008,4,0,0,999179,1
45005.265157,4,0,0,999292,1
45009.908716,4,0,0,999193,1
45012.463553,4,0,0,999313,1
45018.749143,4,0,0,999359,1
45021.197376,4,0,0,999453,1
45022.011292,4,0,0,999504,1
45040.637631,4,0,0,999533,1
45050.477023,4,0,0,999593,1
45056.878017,4,0,0,999505,1
45058.453137,4,0,0,999433,1
45061.834291,4,0,0,999467,1
45062.273624,4,0,0,999435,1
45062.459614,4,0,0,999428,1
45076.414049,4,0,0,999572,1
45079.001040,4,0,0,999595,1
45080.179487,4,0,0,999644,1
45087.613428,4,0,0,999805,1
45091.181530,4,0,0,1000004,1
45096.360042,4,0,0,1000080,1
45096.907724,4,0,0,1000084,1
45099.726954,4,0,0,1000084,1
45102.234178,4,0,0,1000281,1
45103.900256,4,0,0,1000409,1
45104.838751,4,0,0,1000416,1
45114.726278,4,0,0,1000487,1
45121.209597,4,0,0,1000320,1
45125.173369,4,0,0,1000168,1
45126.697408,4,0,0,1000266,1
45131.505075,4,0,0,1000159,1
45134.034130,4,0,0,1000091,1
45134.043983,4,0,0,1000094,1
45138.700733,4,0,0,1000212,1
45143.940840,4,0,0,1000049,1
45159.617987,4,0,0,1000012,1
45167.978422,4,0,0,1000016,1
45168.370617,4,0,0,1000040,1
45170.190506,4,0,0,1000040,1
45170.404385,4,0,0,1000062,1
45170.741712,4,0,0,1000059,1
45173.732430,4,0,0,1000153,1
45174.852581,4,0,0,1000188,1
45175.152180,4,0,0,1000199,1
45179.868971,4,0,0,1000315,1
45192.033301,4,0,0,1000600,1
45200.371173,4,0,0,1000534,1
45200.634236,4,0,0,1000535,1
45202.323385,4,0,0,1000591,1
45202.507659,4,0,0,1000607,1
45205.116130,4,0,0,1000528,1
45218.231508,4,0,0,1000644,1
45219.254697,4,0,0,1000632,1
45225.524376,4,0,0,1000474,1
45228.796245,4,0,0,1000522,1
45232.301184,4,0,0,1000513,1
45240.858589,4,0,0,1000655,1
45242.639586,4,0,0,1000803,1
45244.518547,4,0,0,1000911,1
45250.920068,4,0,0,1001020,1
45251.643324,4,0,0,1000978,1
45252.184734,4,0,0,1000944,1
45254.708074,4,0,0,1000812,1
45257.101413,4,0,0,1000924,1
45258.822465,4,0,0,1000946,1
45260.221989,4,0,0,1000999,1
45270.373183,4,0,0,1000995,1
45272.892977,4,0,0,1000990,1
45274.659345,4,0,0,1000960,1
45282.050057,4,0,0,1001007,1
45290.990628,4,0,0,1000872,1
45296.761140,4,0,0,1000759,1
45312.684494,4,0,0,1000659,1
45313.311112,4,0,0,1000584,1
45316.149168,4,0,0,1000733,1
45324.114857,4,0,0,1000880,1
45341.594437,4,0,0,1000551,1
45342.649859,4,0,0,1000573,1
45349.157652,4,0,0,1000390,1
45350.292747,4,0,0,1000349,1
45352.715430,4,0,0,1000285,1
45359.362394,4,0,0,1000515,1
45366.390619,4,0,0,1000557,1
45366.672944,4,0,0,1000532,1
45368.082936,4,0,0,1000563,1
45383.851348,4,0,0,1000549,1
45387.871893,4,0,0,1000418,1
45391.999648,4,0,0,1000393,1
45393.410007,4,0,0,1000434,1
45396.274194,4,0,0,1000519,1
45397.786151,4,0,0,1000465,1
45398.493461,4,0,0,1000410,1
45400.096087,4,0,0,1000387,1
45403.993501,4,0,0,1000295,1
45407.537406,4,0,0,1000383,1
45411.090733,4,0,0,1000478,1
45413.105903,4,0,0,1000524,1
45415.843775,4,0,0,1000537,1
45425.734346,4,0,0,1000623,1
45437.806100,4,0,0,1000522,1
45448.691696,4,0,0,1000754,1
45449.972566,4,0,0,1000788,1
45454.786875,4,0,0,1000805,1
45461.765303,4,0,0,1000757,1
45463.662600,4,0,0,1000714,1
45466.761720,4,0,0,1000781,1
45476.033946,4,0,0,1000878,1
45481.840799,4,0,0,1000771,1
45488.032833,4,0,0,1000768,1
45488.430308,4,0,0,1000721,1
45488.689597,4,0,0,1000751,1
45494.279322,4,0,0,1000874,1
45498.343857,4,0,0,1000803,1
45499.240317,4,0,0,1000775,1
45499.261371,4,0,0,1000757,1
45500.544109,4,0,0,1000646,1
45505.205900,4,0,0,1000768,1
45507.357106,4,0,0,1000738,1
45512.381160,4,0,0,1000584,1
45513.175725,4,0,0,1000538,1
45518.172959,4,0,0,1000563,1
45518.739073,4,0,0,1000560,1
45529.545603,4,0,0,1000598,1
45530.960338,4,0,0,1000627,1
45530.982141,4,0,0,1000623,1
45538.698659,4,0,0,1000431,1
45540.548003,4,0,0,1000420,1
45543.063294,4,0,0,1000370,1
45543.808473,4,0,0,1000377,1
45544.895009,4,0,0,1000338,1
45547.328309,4,0,0,1000300,1
45548.974131,4,0,0,1000219,1
45552.338986,4,0,0,1000140,1
45553.824658,4,0,0,1000126,1
45556.571654,4,0,0,1000197,1
45556.712877,4,0,0,1000199,1
45560.058182,4,0,0,1000046,1
45564.449351,4,0,0,1000232,1
45575.380440,4,0,0,1000584,1
45581.390708,4,0,0,1000608,1
45581.782593,4,0,0,1000664,1
45583.951278,4,0,0,1000778,1
45590.757717,4,0,0,1000730,1
45596.812066,4,0,0,1000678,1
45597.074902,4,0,0,1000687,1
45597.211713,4,0,0,1000679,1
45600.485333,4,0,0,1000550,1
45603.321555,4,0,0,1000539,1
45604.027279,4,0,0,1000515,1
45605.497840,4,0,0,1000391,1
45607.553669,4,0,0,1000354,1
45614.950198,4,0,0,1000391,1
45616.385284,4,0,0,1000423,1
45624.215930,4,0,0,1000312,1
45632.981092,4,0,0,1000111,1
45634.336141,4,0,0,1000201,1
45643.494686,4,0,0,1000145,1
45643.897193,4,0,0,1000158,1
45646.201312,4,0,0,1000109,1
45646.702196,4,0,0,1000128,1
45648.567994,4,0,0,1000139,1
45650.159267,4,0,0,1000102,1
45657.006628,4,0,0,1000252,1
45665.540771,4,0,0,1000203,1
45667.483158,4,0,0,1000282,1
45669.463416,4,0,0,1000157,1
45685.445027,4,0,0,1000285,1
45686.292184,4,0,0,1000242,1
45689.355144,4,0,0,1000302,1
45693.639568,4,0,0,1000331,1
45698.766653,4,0,0,1000336,1
45699.563411,4,0,0,1000385,1
45701.386581,4,0,0,1000390,1
45702.153801,4,0,0,1000464,1
45708.914850,4,0,0,1000383,1
45715.130465,4,0,0,1000228,1
45723.376319,4,0,0,999973,1
45726.058117,4,0,0,1000018,1
45726.149340,4,0,0,1000009,1
45737.135154,4,0,0,999995,1
45737.668456,4,0,0,999957,1
45738.881624,4,0,0,999974,1
45739.031036,4,0,0,999961,1
45741.436499,4,0,0,999931,1
45747.101644,4,0,0,999930,1
45759.737431,4,0,0,999855,1
45763.535271,4,0,0,999888,1
45763.972136,4,0,0,999848,1
45774.276213,4,0,0,999931,1
45774.771853,4,0,0,999937,1
45775.862065,4,0,0,999902,1
45777.050441,4,0,0,999948,1
45787.432844,4,0,0,999688,1
45789.952198,4,0,0,999519,1
45798.815619,4,0,0,999539,1
45802.704205,4,0,0,999656,1
45805.810424,4,0,0,999642,1
45813.202610,4,0,0,999821,1
45814.335044,4,0,0,999762,1
45815.850034,4,0,0,999842,1
45827.435829,4,0,0,999782,1
45831.861718,4,0,0,999585,1
45834.152595,4,0,0,999675,1
45838.894831,4,0,0,999610,1
45845.507427,4,0,0,999705,1
45851.458400,4,0,0,999716,1
45854.827089,4,0,0,999782,1
45859.502954,4,0,0,999844,1
45860.794230,4,0,0,999880,1
45863.938796,4,0,0,999991,1
45874.186141,4,0,0,1000136,1
45885.927938,4,0,0,1000014,1
45886.033319,4,0,0,1000014,1
45887.436569,4,0,0,1000116,1
45888.886115,4,0,0,1000103,1
45890.781622,4,0,0,1000208,1
45892.511498,4,0,0,1000148,1
45894.089915,4,0,0,1000097,1
45897.154200,4,0,0,1000000,1
45898.472018,4,0,0,999943,1
45904.734432,4,0,0,1000071,1
45904.874109,4,0,0,1000077,1
45920.616120,4,0,0,1000117,1
45921.614330,4,0,0,1000210,1
45932.359865,4,0,0,1000102,1
45937.796572,4,0,0,1000084,1
45948.094524,4,0,0,999763,1
45950.822875,4,0,0,999805,1
45952.693753,4,0,0,999654,1
45957.200448,4,0,0,999840,1
45958.240297,4,0,0,999805,1
45960.852066,4,0,0,999794,1
45964.581972,4,0,0,999921,1
45965.211915,4,0,0,999912,1
45972.938266,4,0,0,999996,1
45975.869170,4,0,0,999965,1
45979.498405,4,0,0,999809,1
45984.928626,4,0,0,999858,1
45995.854806,4,0,0,999896,1
45996.561503,4,0,0,1000006,1
45997.579121,4,0,0,999964,1
45998.210534,4,0,0,999919,1
46013.957282,4,0,0,999833,1
46016.654916,4,0,0,999849,1
46022.708238,4,0,0,999810,1
46023.578258,4,0,0,999828,1
46036.154819,4,0,0,999747,1
46036.795996,4,0,0,999750,1
46042.172866,4,0,0,999812,1
46042.301948,4,0,0,999845,1
46051.848333,4,0,0,999940,1
46054.197402,4,0,0,999882,1
46058.923853,4,0,0,1000096,1
46063.295888,4,0,0,1000069,1
46064.377789,4,0,0,1000101,1
46067.274696,4,0,0,1000126,1
46067.286420,4,0,0,1000132,1
46074.596268,4,0,0,1000316,1
46077.500497,4,0,0,1000427,1
46079.054739,4,0,0,1000359,1
46081.446310,4,0,0,1000389,1
46083.951869,4,0,0,1000433,1
46084.782369,4,0,0,1000522,1
46086.963257,4,0,0,1000492,1
46092.358070,4,0,0,1000514,1
46096.276124,4,0,0,1000693,1
46119.423240,4,0,0,1000915,1
46126.025566,4,0,0,1001010,1
46134.450731,4,0,0,1001184,1
46135.211261,4,0,0,1001192,1
46138.723445,4,0,0,1001319,1
46140.062941,4,0,0,1001248,1
46141.367675,4,0,0,1001196,1
46143.276351,4,0,0,1001043,1
46147.302730,4,0,0,1001052,1
46149.861973,4,0,0,1001096,1
46152.289400,4,0,0,1000984,1
46154.463082,4,0,0,1000936,1
46175.022972,4,0,0,1001154,1
46177.646793,4,0,0,1001407,1
46189.631278,4,0,0,1001372,1
46213.318781,4,0,0,1001618,1
46217.958277,4,0,0,1001621,1
46235.964298,4,0,0,1001484,1
46276.208910,4,0,0,1000902,1
46284.274712,4,0,0,1001047,1
46290.274732,4,0,0,1001016,1
46291.469132,4,0,0,1000976,1
46292.439120,4,0,0,1001067,1
46292.699673,4,0,0,1001071,1
46293.869230,4,0,0,1001069,1
46297.459696,4,0,0,1001362,1
46300.207445,4,0,0,1001207,1
46306.926446,4,0,0,1001224,1
46308.638235,4,0,0,1001162,1
46313.270250,4,0,0,1001232,1
46315.410406,4,0,0,1001233,1
46316.604890,4,0,0,1001219,1
46323.754888,4,0,0,1001161,1
46325.410001,4,0,0,1001223,1
46328.907298,4,0,0,1001141,1
46330.289629,4,0,0,1001188,1
46335.285830,4,0,0,1001263,1
46336.200852,4,0,0,1001206,1
46336.510561,4,0,0,1001146,1
46341.222527,4,0,0,1001131,1
46344.482340,4,0,0,1001220,1
46349.513906,4,0,0,1001370,1
46349.902442,4,0,0,1001349,1
46357.085009,4,0,0,1001257,1
46357.321697,4,0,0,1001250,1
46372.291335,4,0,0,1000886,1
46385.681037,4,0,0,1000888,1
46393.395552,4,0,0,1000839,1
46395.188884,4,0,0,1000820,1
46400.148086,4,0,0,1000649,1
46423.131232,4,0,0,1000610,1
46429.165915,4,0,0,1000519,1
46434.330009,4,0,0,1000589,1
46434.476495,4,0,0,1000599,1
46434.653433,4,0,0,1000583,1
46439.387065,4,0,0,1000616,1
46442.378902,4,0,0,1000671,1
46445.601358,4,0,0,1000654,1
46446.618542,4,0,0,1000696,1
46448.358217,4,0,0,1000680,1
46458.902666,4,0,0,1000283,1
46461.073074,4,0,0,1000361,1
46477.974732,4,0,0,1000091,1
46478.846990,4,0,0,1000122,1
46482.474146,4,0,0,1000096,1
46487.334828,4,0,0,1000222,1
46492.873223,4,0,0,1000349,1
46500.698201,4,0,0,1000268,1
46507.445819,4,0,0,1000262,1
46515.588194,4,0,0,1000154,1
46515.879379,4,0,0,1000177,1
46516.282431,4,0,0,1000140,1
46516.965185,4,0,0,1000135,1
46518.019912,4,0,0,1000123,1
46524.073671,4,0,0,1000083,1
46527.763477,4,0,0,1000209,1
46533.630201,4,0,0,1000091,1
46538.000185,4,0,0,1000067,1
46541.921111,4,0,0,1000041,1
46542.903000,4,0,0,1000029,1
46552.308551,4,0,0,999984,1
46559.392860,4,0,0,1000127,1
46566.135615,4,0,0,999986,1
46578.968862,4,0,0,1000086,1
46581.374517,4,0,0,1000140,1
46583.993912,4,0,0,1000248,1
46587.038504,4,0,0,1000309,1
46589.095547,4,0,0,1000183,1
46592.517207,4,0,0,1000213,1
46597.221187,4,0,0,1000303,1
46601.453021,4,0,0,1000228,1
46602.380858,4,0,0,1000266,1
46608.555338,4,0,0,1000240,1
46608.905300,4,0,0,1000261,1
46610.015236,4,0,0,1000336,1
46612.430624,4,0,0,1000290,1
46620.811175,4,0,0,1000296,1
46622.199375,4,0,0,1000369,1
46626.457556,4,0,0,1000200,1
46630.598577,4,0,0,1000181,1
46634.751958,4,0,0,1000250,1
46640.492901,4,0,0,1000175,1
46642.172897,4,0,0,1000151,1
46659.106175,4,0,0,1000465,1
46664.137459,4,0,0,1000563,1
46664.538446,4,0,0,1000588,1
46672.385744,4,0,0,1000558,1
46675.396022,4,0,0,1000689,1
46684.002428,4,0,0,1001076,1
46689.766740,4,0,0,1001052,1
46705.961036,4,0,0,1000908,1
46717.427662,4,0,0,1000897,1
46722.676328,4,0,0,1001018,1
46729.607282,4,0,0,1000988,1
46729.903315,4,0,0,1000943,1
46737.475800,4,0,0,1000970,1
46743.828479,4,0,0,1000947,1
46757.546710,4,0,0,1001098,1
46764.271323,4,0,0,1001143,1
46768.858052,4,0,0,1001008,1
46776.061327,4,0,0,1001062,1
46780.469788,4,0,0,1000942,1
46783.620402,4,0,0,1000850,1
46802.273895,4,0,0,1000968,1
46805.532353,4,0,0,1001039,1
46806.041314,4,0,0,1000978,1
46806.264522,4,0,0,1000992,1
46808.464696,4,0,0,1000953,1
46811.377402,4,0,0,1000885,1
46815.261568,4,0,0,1000938,1
46815.606604,4,0,0,1000983,1
46819.427648,4,0,0,1001164,1
46834.641629,4,0,0,1001444,1
46841.300676,4,0,0,1001285,1
46847.110140,4,0,0,1001085,1
46850.571164,4,0,0,1000892,1
46860.882658,4,0,0,1001101,1
46861.338199,4,0,0,1001037,1
46868.520812,4,0,0,1000993,1
46874.492057,4,0,0,1000939,1
46876.764044,4,0,0,1000895,1
46879.987646,4,0,0,1000952,1
46880.775704,4,0,0,1000890,1
46880.805621,4,0,0,1000896,1
46882.761162,4,0,0,1000939,1
46884.733500,4,0,0,1000920,1
46888.247037,4,0,0,1000809,1
46890.275897,4,0,0,1000775,1
46900.798038,4,0,0,1000795,1
46901.543017,4,0,0,1000728,1
46909.844863,4,0,0,1000286,1
46913.601710,4,0,0,1000299,1
46914.796926,4,0,0,1000307,1
46924.776691,4,0,0,1000084,1
46928.626292,4,0,0,1000069,1
46929.112008,4,0,0,1000086,1
46938.742393,4,0,0,999920,1
46940.262853,4,0,0,999966,1
46944.314684,4,0,0,1000013,1
46949.744824,4,0,0,1000191,1
46956.257852,4,0,0,1000073,1
46962.284590,4,0,0,1000297,1
46970.799198,4,0,0,1000084,1
46977.834905,4,0,0,999932,1
46978.834369,4,0,0,999920,1
46982.727314,4,0,0,999960,1
46985.980943,4,0,0,999937,1
46986.664468,4,0,0,999940,1
46989.379234,4,0,0,999956,1
46996.545613,4,0,0,1000218,1
46999.356107,4,0,0,1000142,1
47001.735430,4,0,0,999989,1
47004.827433,4,0,0,1000000,1
47008.805737,4,0,0,1000212,1
47015.726156,4,0,0,1000170,1
47024.899685,4,0,0,1000276,1
47026.530343,4,0,0,1000249,1
47027.993332,4,0,0,1000295,1
47029.808871,4,0,0,1000320,1
47039.384543,4,0,0,1000286,1
47050.417815,4,0,0,1000391,1
47052.417249,4,0,0,1000448,1
47060.984861,4,0,0,1000298,1
47064.741902,4,0,0,1000231,1
47079.884119,4,0,0,1000502,1
47083.918535,4,0,0,1000385,1
47095.127331,4,0,0,1000400,1
47098.992134,4,0,0,1000277,1
47101.044945,4,0,0,1000371,1
47110.087401,4,0,0,1000270,1
47112.054387,4,0,0,1000201,1
47119.482391,4,0,0,1000255,1
47123.098218,4,0,0,1000346,1
47124.966989,4,0,0,1000305,1
47128.058130,4,0,0,1000307,1
47139.365224,4,0,0,1000475,1
47141.052285,4,0,0,1000443,1
47141.483820,4,0,0,1000461,1
47152.678808,4,0,0,1000747,1
47153.279022,4,0,0,1000703,1
47154.534122,4,0,0,1000704,1
47157.657059,4,0,0,1000661,1
47164.891498,4,0,0,1000608,1
47183.036626,4,0,0,1000701,1
47184.025201,4,0,0,1000641,1
47185.289918,4,0,0,1000682,1
47211.854836,4,0,0,1000375,1
47215.809503,4,0,0,1000245,1
47225.266513,4,0,0,1000273,1
47227.441188,4,0,0,1000249,1
47229.078278,4,0,0,1000292,1
47239.018637,4,0,0,1000179,1
47240.125326,4,0,0,1000139,1
47241.599504,4,0,0,1000157,1
47243.796138,4,0,0,1000111,1
47245.746579,4,0,0,1000141,1
47246.617090,4,0,0,1000112,1
47248.252373,4,0,0,1000127,1
47249.162174,4,0,0,1000058,1
47252.798193,4,0,0,1000257,1
47258.467399,4,0,0,1000454,1
47261.933311,4,0,0,1000468,1
47262.283624,4,0,0,1000506,1
47266.549306,4,0,0,1000480,1
47272.514501,4,0,0,1000662,1
47273.444594,4,0,0,1000675,1
47276.611430,4,0,0,1000675,1
47293.494659,4,0,0,1000509,1
47301.883297,4,0,0,1000434,1
47304.792499,4,0,0,1000561,1
47306.225810,4,0,0,1000610,1
47307.060715,4,0,0,1000634,1
47307.284983,4,0,0,1000621,1
47308.561633,4,0,0,1000653,1
47311.764894,4,0,0,1000667,1
47315.063994,4,0,0,1000742,1
47315.969850,4,0,0,1000767,1
47318.865838,4,0,0,1000718,1
47321.646517,4,0,0,1000649,1
47329.572147,4,0,0,1000479,1
47341.723647,4,0,0,1000506,1
47356.796137,4,0,0,999986,1
47359.987084,4,0,0,1000013,1
47369.086964,4,0,0,999971,1
47373.714572,4,0,0,999911,1
47374.227287,4,0,0,999944,1
47374.588916,4,0,0,999953,1
47379.029980,4,0,0,999905,1
47384.501343,4,0,0,999818,1
47389.541900,4,0,0,999744,1
47392.703826,4,0,0,999762,1
47396.996958,4,0,0,999697,1
47402.197279,4,0,0,999696,1
47408.008773,4,0,0,999681,1
47408.751739,4,0,0,999688,1
47411.841210,4,0,0,999774,1
47413.763455,4,0,0,999724,1
47416.921829,4,0,0,999696,1
47419.311357,4,0,0,999518,1
47419.673077,4,0,0,999518,1
47427.131892,4,0,0,999585,1
47430.659885,4,0,0,999720,1
47440.586875,4,0,0,999693,1
47440.797860,4,0,0,999733,1
47441.282469,4,0,0,999762,1
47441.926748,4,0,0,999765,1
47451.685165,4,0,0,999905,1
47455.063906,4,0,0,999983,1
47461.701509,4,0,0,999962,1
47462.085538,4,0,0,999979,1
47468.639144,4,0,0,1000046,1
47469.024850,4,0,0,1000067,1
47480.553320,4,0,0,1000301,1
47483.984188,4,0,0,1000242,1
47499.297644,4,0,0,999853,1
47504.116284,4,0,0,999720,1
47508.515674,4,0,0,999804,1
47509.387521,4,0,0,999743,1
47514.167044,4,0,0,999722,1
47520.869208,4,0,0,999895,1
47525.374730,4,0,0,999882,1
47530.961834,4,0,0,999931,1
47541.265343,4,0,0,999822,1
47546.968221,4,0,0,999901,1
47551.887004,4,0,0,1000113,1
47555.470996,4,0,0,1000096,1
47558.375642,4,0,0,1000155,1
47564.338503,4,0,0,1000091,1
47572.754016,4,0,0,1000072,1
47578.985508,4,0,0,1000106,1
47579.489915,4,0,0,1000093,1
47580.905373,4,0,0,1000093,1
47585.453120,4,0,0,1000266,1
47589.457753,4,0,0,1000106,1
47601.388151,4,0,0,1000109,1
47620.962276,4,0,0,999819,1
47631.772953,4,0,0,999756,1
47636.222901,4,0,0,999892,1
47642.297885,4,0,0,999926,1
47651.324784,4,0,0,999973,1
47652.080838,4,0,0,999922,1
47653.873892,4,0,0,999907,1
47653.995025,4,0,0,999905,1
47658.670616,4,0,0,999895,1
47670.703472,4,0,0,999955,1
47670.726312,4,0,0,999963,1
47671.371561,4,0,0,999934,1
47672.438795,4,0,0,999906,1
47679.660194,4,0,0,1000013,1
47681.868257,4,0,0,1000012,1
47682.923210,4,0,0,1000039,1
47685.149815,4,0,0,999980,1
47686.565253,4,0,0,1000014,1
47687.943337,4,0,0,999926,1
47691.931499,4,0,0,1000130,1
47697.236694,4,0,0,999936,1
47698.607752,4,0,0,999936,1
47702.423602,4,0,0,999971,1
47702.568136,4,0,0,999996,1
47719.729533,4,0,0,999904,1
47720.246463,4,0,0,999918,1
47724.158957,4,0,0,1000093,1
47751.988403,4,0,0,1000017,1
47753.844852,4,0,0,1000022,1
47755.462642,4,0,0,1000048,1
47761.871341,4,0,0,1000156,1
47764.867640,4,0,0,1000183,1
47766.349552,4,0,0,1000136,1
47770.415661,4,0,0,1000132,1
47778.804262,4,0,0,1000309,1
47784.091534,4,0,0,1000073,1
47785.403911,4,0,0,1000027,1
47790.671715,4,0,0,999970,1
47803.374888,4,0,0,1000042,1
47804.424439,4,0,0,1000165,1
47809.466875,4,0,0,1000356,1
47812.776103,4,0,0,1000582,1
47817.980119,4,0,0,1000531,1
47818.688410,4,0,0,1000546,1
47819.955443,4,0,0,1000648,1
47821.997119,4,0,0,1000592,1
47830.745004,4,0,0,1000516,1
47833.063520,4,0,0,1000374,1
47835.031081,4,0,0,1000503,1
47841.499939,4,0,0,1000393,1
47842.213799,4,0,0,1000339,1
47844.057186,4,0,0,1000343,1
47847.882742,4,0,0,1000287,1
47849.915254,4,0,0,1000261,1
47854.270438,4,0,0,1000286,1
47858.668380,4,0,0,1000275,1
47859.396536,4,0,0,1000357,1
47860.081061,4,0,0,1000374,1
47867.412393,4,0,0,1000166,1
47869.994522,4,0,0,1000237,1
47870.766553,4,0,0,1000239,1
47871.146487,4,0,0,1000238,1
47873.741320,4,0,0,1000280,1
47882.565354,4,0,0,1000449,1
47883.662638,4,0,0,1000354,1
47909.012676,4,0,0,1000368,1
47909.113490,4,0,0,1000352,1
47913.416805,4,0,0,1000321,1
47919.157872,4,0,0,1000259,1
47922.790048,4,0,0,1000333,1
47924.223945,4,0,0,1000378,1
47926.042502,4,0,0,1000414,1
47929.900658,4,0,0,1000410,1
47940.689599,4,0,0,1000333,1
47943.291205,4,0,0,1000264,1
47945.312497,4,0,0,1000174,1
47947.757239,4,0,0,1000342,1
47982.686634,4,0,0,1000134,1
47984.167989,4,0,0,1000149,1
47985.066593,4,0,0,1000112,1
47995.743589,4,0,0,1000194,1
47996.384427,4,0,0,1000162,1
48005.127369,4,0,0,1000078,1
48009.818983,4,0,0,1000071,1
48024.967735,4,0,0,1000113,1
48026.795589,4,0,0,1000064,1
48036.047666,4,0,0,999893,1
48036.485313,4,0,0,999841,1
48043.773969,4,0,0,999838,1
48045.668118,4,0,0,999892,1
48048.618610,4,0,0,999961,1
48056.241931,4,0,0,1000066,1
48061.058222,4,0,0,1000093,1
48063.988085,4,0,0,1000027,1
48065.642729,4,0,0,1000059,1
48072.374062,4,0,0,1000037,1
48075.371284,4,0,0,999888,1
48076.712415,4,0,0,999837,1
48079.091646,4,0,0,999714,1
48086.689117,4,0,0,999921,1
48086.977888,4,0,0,999917,1
48088.837113,4,0,0,1000001,1
48095.049755,4,0,0,1000021,1
48099.583436,4,0,0,999994,1
48102.350441,4,0,0,999989,1
48103.159536,4,0,0,1000079,1
48103.392631,4,0,0,1000086,1
48105.842919,4,0,0,1000116,1
48111.415004,4,0,0,1000093,1
48112.905355,4,0,0,1000063,1
48124.011144,4,0,0,1000131,1
48128.629977,4,0,0,999965,1
48131.533394,4,0,0,1000006,1
48138.250744,4,0,0,999944,1
48139.953439,4,0,0,1000022,1
48150.679576,4,0,0,999788,1
48152.869085,4,0,0,999822,1
48152.894336,4,0,0,999815,1
48171.258827,4,0,0,999730,1
48174.534764,4,0,0,999749,1
48185.716011,4,0,0,999572,1
48186.267848,4,0,0,999520,1
48187.333910,4,0,0,999530,1
48190.493984,4,0,0,999514,1
48201.286102,4,0,0,999156,1
48201.747577,4,0,0,999109,1
48205.443706,4,0,0,999168,1
48212.227832,4,0,0,999062,1
48214.593786,4,0,0,999121,1
48217.410965,4,0,0,999243,1
48230.385021,4,0,0,999018,1
48234.066107,4,0,0,998918,1
48239.664680,4,0,0,999075,1
48245.007200,4,0,0,999131,1
48255.883867,4,0,0,999411,1
48257.880612,4,0,0,999452,1
48261.667587,4,0,0,999521,1
48262.816156,4,0,0,999491,1
48264.750502,4,0,0,999545,1
48272.996629,4,0,0,999420,1
48288.849533,4,0,0,999077,1
48290.749051,4,0,0,999028,1
48297.604730,4,0,0,998966,1
48301.291881,4,0,0,998800,1
48306.930256,4,0,0,998725,1
48309.111443,4,0,0,998630,1
48311.195559,4,0,0,998637,1
48312.299605,4,0,0,998681,1
48315.626751,4,0,0,998517,1
48315.901145,4,0,0,998519,1
48325.310166,4,0,0,998384,1
48326.647292,4,0,0,998343,1
48331.448599,4,0,0,998403,1
48334.818563,4,0,0,998494,1
48336.858761,4,0,0,998497,1
48350.621955,4,0,0,998421,1
48359.657027,4,0,0,998698,1
48366.011428,4,0,0,998758,1
48366.613491,4,0,0,998702,1
48369.579757,4,0,0,998717,1
48374.612632,4,0,0,998876,1
48375.091798,4,0,0,998879,1
48380.780384,4,0,0,998930,1
48388.883305,4,0,0,999023,1
48403.126931,4,0,0,998756,1
48406.459815,4,0,0,998918,1
48406.599127,4,0,0,998917,1
48407.713987,4,0,0,998835,1
48415.534532,4,0,0,999018,1
48416.302241,4,0,0,999008,1
48420.956317,4,0,0,999050,1
48426.018425,4,0,0,998752,1
48428.828872,4,0,0,998788,1
48436.180344,4,0,0,998925,1
48436.806980,4,0,0,998966,1
48441.433085,4,0,0,998758,1
48443.721817,4,0,0,998717,1
48453.036379,4,0,0,998762,1
48455.448611,4,0,0,998757,1
48456.449125,4,0,0,998707,1
48458.467794,4,0,0,998835,1
48462.025929,4,0,0,998769,1
48462.425309,4,0,0,998802,1
48471.953493,4,0,0,998842,1
48476.988283,4,0,0,998878,1
48478.781009,4,0,0,998849,1
48483.258611,4,0,0,999077,1
48502.941006,4,0,0,998882,1
48507.354526,4,0,0,998774,1
48509.846409,4,0,0,998848,1
48515.314542,4,0,0,999261,1
48522.062283,4,0,0,999447,1
48527.609222,4,0,0,999422,1
48528.742492,4,0,0,999394,1
48528.843590,4,0,0,999389,1
48530.665217,4,0,0,999417,1
48533.391773,4,0,0,999325,1
48541.899137,4,0,0,999304,1
48542.341259,4,0,0,999322,1
48551.210832,4,0,0,999318,1
48551.503965,4,0,0,999344,1
48553.304862,4,0,0,999254,1
48555.778866,4,0,0,999201,1
48568.607641,4,0,0,999058,1
48582.837592,4,0,0,999216,1
48583.036133,4,0,0,999186,1
48584.078601,4,0,0,999200,1
48586.920794,4,0,0,999259,1
48588.440905,4,0,0,999299,1
48603.093323,4,0,0,999271,1
48607.620888,4,0,0,999237,1
48609.510662,4,0,0,999278,1
48613.887105,4,0,0,999268,1
48619.251271,4,0,0,999230,1
48628.535245,4,0,0,998993,1
48638.979800,4,0,0,998658,1
48641.593782,4,0,0,998639,1
48648.383010,4,0,0,998598,1
48665.737022,4,0,0,998738,1
48669.384627,4,0,0,998854,1
48675.671946,4,0,0,998895,1
48678.879876,4,0,0,998933,1
48681.185346,4,0,0,998961,1
48682.272218,4,0,0,999051,1
48682.729295,4,0,0,999074,1
48684.604485,4,0,0,999096,1
48686.698431,4,0,0,999096,1
48690.732415,4,0,0,999175,1
48696.039365,4,0,0,999045,1
48701.969294,4,0,0,998987,1
48708.976780,4,0,0,998854,1
48713.036294,4,0,0,998774,1
48716.467156,4,0,0,998932,1
48720.989025,4,0,0,999062,1
48726.784498,4,0,0,999228,1
48735.713371,4,0,0,999283,1
48737.100476,4,0,0,999243,1
48746.465661,4,0,0,999161,1
48747.520184,4,0,0,999076,1
48747.604107,4,0,0,999042,1
48755.218472,4,0,0,999082,1
48756.472404,4,0,0,999042,1
48765.188536,4,0,0,998972,1
48767.297506,4,0,0,999070,1
48769.377667,4,0,0,999119,1
48779.119769,4,0,0,999188,1
48785.918868,4,0,0,999030,1
48786.206147,4,0,0,999039,1
48800.009240,4,0,0,998879,1
48801.126157,4,0,0,998829,1
48806.376341,4,0,0,998674,1
48819.867454,4,0,0,998606,1
48828.698373,4,0,0,998909,1
48831.900949,4,0,0,998746,1
48845.953989,4,0,0,998667,1
48851.486903,4,0,0,998602,1
48852.861674,4,0,0,998658,1
48868.785930,4,0,0,998567,1
48872.789344,4,0,0,998587,1
48874.649221,4,0,0,998572,1
48877.374346,4,0,0,998466,1
48878.405082,4,0,0,998457,1
48882.478673,4,0,0,998367,1
48886.476018,4,0,0,998397,1
48887.307320,4,0,0,998444,1
48889.868628,4,0,0,998384,1
48891.348718,4,0,0,998391,1
48902.147583,4,0,0,998239,1
48903.183472,4,0,0,998220,1
48907.664268,4,0,0,998197,1
48912.549651,4,0,0,998303,1
48916.973836,4,0,0,998437,1
48919.205971,4,0,0,998438,1
48920.546879,4,0,0,998405,1
48920.586521,4,0,0,998406,1
48921.681206,4,0,0,998461,1
48929.723126,4,0,0,998686,1
48931.280120,4,0,0,998600,1
48934.929744,4,0,0,998503,1
48936.617781,4,0,0,998581,1
48936.935166,4,0,0,998597,1
48939.550999,4,0,0,998758,1
48962.845819,4,0,0,998779,1
48965.301263,4,0,0,998729,1
48967.241246,4,0,0,998725,1
48971.308693,4,0,0,998837,1
48973.431217,4,0,0,998773,1
48974.718240,4,0,0,998821,1
48977.016483,4,0,0,998914,1
48988.033841,4,0,0,999028,1
48988.769810,4,0,0,998992,1
48989.441399,4,0,0,999041,1
48996.147481,4,0,0,999003,1
48997.140838,4,0,0,999015,1
48997.811323,4,0,0,999020,1
48999.144558,4,0,0,999115,1
49009.386393,4,0,0,999021,1
49022.857405,4,0,0,999110,1
49035.757916,4,0,0,999189,1
49037.558441,4,0,0,999216,1
49048.848667,4,0,0,999089,1
49049.161423,4,0,0,999054,1
49052.304272,4,0,0,999074,1
49056.144046,4,0,0,999225,1
49058.995918,4,0,0,999215,1
49077.346821,4,0,0,999486,1
49084.053743,4,0,0,999409,1
49087.156550,4,0,0,999452,1
49093.462645,4,0,0,999499,1
49100.334588,4,0,0,999432,1
49100.903515,4,0,0,999410,1
49102.763726,4,0,0,999369,1
49104.660418,4,0,0,999327,1
49118.375619,4,0,0,999119,1
49127.558000,4,0,0,999316,1
49129.266797,4,0,0,999322,1
49150.467539,4,0,0,999453,1
49150.827455,4,0,0,999412,1
49152.770421,4,0,0,999429,1
49153.844445,4,0,0,999390,1
49157.359751,4,0,0,999259,1
49168.604200,4,0,0,999378,1
49176.015687,4,0,0,999401,1
49176.197236,4,0,0,999363,1
49177.562131,4,0,0,999325,1
49184.748178,4,0,0,999205,1
49186.319649,4,0,0,999120,1
49194.463920,4,0,0,998862,1
49199.121979,4,0,0,998713,1
49204.832457,4,0,0,998664,1
49210.819619,4,0,0,998783,1
49214.930483,4,0,0,998996,1
49215.905022,4,0,0,999041,1
49223.885757,4,0,0,998985,1
49227.850927,4,0,0,998897,1
49233.964054,4,0,0,998802,1
49234.091062,4,0,0,998803,1
49235.048966,4,0,0,998729,1
49239.031422,4,0,0,998461,1
49246.756420,4,0,0,998615,1
49248.899828,4,0,0,998638,1
49255.550740,4,0,0,998541,1
49255.557968,4,0,0,998549,1
49255.776250,4,0,0,998538,1
49261.351656,4,0,0,998485,1
49282.230432,4,0,0,998774,1
49284.044115,4,0,0,998648,1
49286.002551,4,0,0,998756,1
49287.989702,4,0,0,998788,1
49292.134774,4,0,0,998547,1
49294.532723,4,0,0,998520,1
49296.697034,4,0,0,998450,1
49303.664708,4,0,0,998612,1
49303.673786,4,0,0,998612,1
49313.450236,4,0,0,998734,1
49319.908933,4,0,0,998843,1
49334.920461,4,0,0,998964,1
49343.714541,4,0,0,998796,1
49351.259839,4,0,0,998741,1
49352.916333,4,0,0,998741,1
49360.170976,4,0,0,998778,1
49364.519036,4,0,0,998778,1
49366.574033,4,0,0,998808,1
49374.510436,4,0,0,998574,1
49377.724543,4,0,0,998546,1
49397.592443,4,0,0,998120,1
49403.706090,4,0,0,998277,1
49413.833593,4,0,0,998205,1
49424.907024,4,0,0,998502,1
49429.110723,4,0,0,998533,1
49439.777399,4,0,0,998528,1
49444.126973,4,0,0,998640,1
49447.551391,4,0,0,998779,1
49472.934696,4,0,0,998803,1
49478.627517,4,0,0,998553,1
49484.235117,4,0,0,998528,1
49505.504483,4,0,0,998756,1
49510.244799,4,0,0,998734,1
49510.258412,4,0,0,998731,1
49515.649386,4,0,0,998551,1
49520.386502,4,0,0,998547,1
49526.605562,4,0,0,998494,1
49544.184001,4,0,0,998384,1
49550.569422,4,0,0,998359,1
49575.385234,4,0,0,998092,1
49582.798950,4,0,0,998033,1
49601.493629,4,0,0,998209,1
49604.224754,4,0,0,998060,1
49605.575842,4,0,0,998072,1
49609.406236,4,0,0,998078,1
49619.886419,4,0,0,998214,1
49629.272162,4,0,0,998389,1
49634.570787,4,0,0,998292,1
49637.041199,4,0,0,998233,1
49638.579513,4,0,0,998182,1
49638.701185,4,0,0,998179,1
49641.284300,4,0,0,998262,1
49644.628516,4,0,0,998203,1
49663.854644,4,0,0,998484,1
49667.861208,4,0,0,998653,1
49671.991620,4,0,0,998632,1
49674.987721,4,0,0,998612,1
49675.057742,4,0,0,998619,1
49676.672496,4,0,0,998726,1
49681.793308,4,0,0,998660,1
49687.680412,4,0,0,998788,1
49702.045088,4,0,0,998929,1
49705.185464,4,0,0,998947,1
49710.757436,4,0,0,999145,1
49718.371066,4,0,0,999104,1
49725.160361,4,0,0,999311,1
49725.802731,4,0,0,999303,1
49736.374288,4,0,0,999549,1
49743.059615,4,0,0,999563,1
49748.350887,4,0,0,999550,1
49749.094323,4,0,0,999557,1
49762.809444,4,0,0,999337,1
49768.254919,4,0,0,999429,1
49769.264728,4,0,0,999499,1
49773.473103,4,0,0,999540,1
49774.239891,4,0,0,999542,1
49774.510249,4,0,0,999543,1
49780.454932,4,0,0,999333,1
49786.844400,4,0,0,999402,1
49790.306822,4,0,0,999507,1
49791.082167,4,0,0,999545,1
49792.974497,4,0,0,999538,1
49793.503410,4,0,0,999536,1
49794.732564,4,0,0,999547,1
49795.058323,4,0,0,999593,1
49800.260023,4,0,0,999365,1
49807.462000,4,0,0,999229,1
49810.943855,4,0,0,999034,1
49816.108971,4,0,0,999107,1
49816.887609,4,0,0,999086,1
49828.294387,4,0,0,999241,1
49832.605095,4,0,0,999231,1
49833.240832,4,0,0,999230,1
49836.891733,4,0,0,999358,1
49839.825554,4,0,0,999432,1
49849.506883,4,0,0,999341,1
49856.127664,4,0,0,999538,1
49856.616315,4,0,0,999549,1
49861.607845,4,0,0,999577,1
49861.869933,4,0,0,999567,1
49865.143284,4,0,0,999429,1
49873.780366,4,0,0,999283,1
49874.777687,4,0,0,999239,1
49879.758735,4,0,0,999260,1
49882.250763,4,0,0,999360,1
49882.835061,4,0,0,999360,1
49893.226793,4,0,0,999389,1
49899.306747,4,0,0,999134,1
49900.791917,4,0,0,999102,1
49901.863606,4,0,0,999113,1
49903.977904,4,0,0,999050,1
49909.971197,4,0,0,998880,1
49921.782840,4,0,0,998929,1
49925.244298,4,0,0,998979,1
49925.260199,4,0,0,998971,1
49925.325725,4,0,0,998979,1
49926.668253,4,0,0,998956,1
49933.977226,4,0,0,999031,1
49934.856875,4,0,0,998996,1
49938.961020,4,0,0,999089,1
49939.101826,4,0,0,999095,1
49940.963007,4,0,0,999016,1
49946.123623,4,0,0,999135,1
49951.581627,4,0,0,998920,1
49951.667841,4,0,0,998912,1
49952.592103,4,0,0,999026,1
49953.845898,4,0,0,999123,1
49955.260546,4,0,0,999122,1
49957.383906,4,0,0,999165,1
49964.750939,4,0,0,999045,1
49965.273605,4,0,0,999106,1
49966.525818,4,0,0,999058,1
49969.694237,4,0,0,999111,1
49976.932159,4,0,0,999212,1
49983.972527,4,0,0,999211,1
49984.523110,4,0,0,999197,1
49988.182425,4,0,0,999191,1
49993.189861,4,0,0,999231,1
49995.925983,4,0,0,999275,1
50005.075913,4,0,0,999070,1
50005.633311,4,0,0,999080,1
50009.563449,4,0,0,999054,1
50015.585177,4,0,0,999087,1
50034.544860,4,0,0,999279,1
50034.592075,4,0,0,999277,1
50040.739352,4,0,0,999313,1
50042.731813,4,0,0,999288,1
50049.267563,4,0,0,999387,1
50052.844806,4,0,0,999466,1
50060.083391,4,0,0,999471,1
50060.943829,4,0,0,999537,1
50072.708541,4,0,0,999544,1
50075.053592,4,0,0,999543,1
50082.830923,4,0,0,999754,1
50084.486410,4,0,0,999801,1
50085.179903,4,0,0,999750,1
50087.188060,4,0,0,999516,1
50092.556430,4,0,0,999767,1
50104.622016,4,0,0,1000123,1
50107.906313,4,0,0,999861,1
50109.847165,4,0,0,999824,1
50122.686910,4,0,0,999571,1
50129.134208,4,0,0,999599,1
50132.010977,4,0,0,999596,1
50137.066762,4,0,0,999620,1
50138.472017,4,0,0,999648,1
50141.765183,4,0,0,999737,1
50144.208617,4,0,0,999581,1
50145.556402,4,0,0,999450,1
50145.999231,4,0,0,999437,1
50147.237497,4,0,0,999460,1
50154.906459,4,0,0,999535,1
50161.725225,4,0,0,999425,1
50164.481258,4,0,0,999544,1
50174.654504,4,0,0,999274,1
50175.476801,4,0,0,999221,1
50181.812094,4,0,0,999363,1
50188.690308,4,0,0,999481,1
50189.022454,4,0,0,999489,1
50198.621283,4,0,0,999697,1
50205.733992,4,0,0,999823,1
50208.719048,4,0,0,999768,1
50211.979598,4,0,0,999805,1
50216.174130,4,0,0,999816,1
50219.287476,4,0,0,999721,1
50219.556017,4,0,0,999711,1
50222.252698,4,0,0,999740,1
50231.821719,4,0,0,999571,1
50235.476066,4,0,0,999468,1
50236.817314,4,0,0,999517,1
50248.220587,4,0,0,999530,1
50250.878099,4,0,0,999490,1
50251.850157,4,0,0,999435,1
50256.176278,4,0,0,999323,1
50257.090973,4,0,0,999369,1
50261.765539,4,0,0,999445,1
50267.172621,4,0,0,999376,1
50268.194681,4,0,0,999360,1
50269.999987,4,0,0,999304,1
50274.238365,4,0,0,999220,1
50275.425992,4,0,0,999144,1
50283.665568,4,0,0,999156,1
50289.948329,4,0,0,999133,1
50290.870024,4,0,0,999136,1
50295.121344,4,0,0,999050,1
50299.185442,4,0,0,999110,1
50301.420036,4,0,0,999187,1
50306.535183,4,0,0,998942,1
50309.218618,4,0,0,998894,1
50312.026813,4,0,0,998807,1
50314.422390,4,0,0,998778,1
50318.500996,4,0,0,998638,1
50318.506255,4,0,0,998641,1
50322.897326,4,0,0,998633,1
50323.506614,4,0,0,998630,1
50324.738746,4,0,0,998665,1
50332.758519,4,0,0,998791,1
50333.990003,4,0,0,998775,1
50338.620649,4,0,0,998848,1
50340.016209,4,0,0,998869,1
50365.896620,4,0,0,998795,1
50385.073318,4,0,0,998794,1
50387.001557,4,0,0,998729,1
50398.597094,4,0,0,998628,1
50410.142954,4,0,0,998857,1
50411.234271,4,0,0,998950,1
50413.485589,4,0,0,998962,1
50414.483352,4,0,0,998953,1
50415.724041,4,0,0,998908,1
50419.296764,4,0,0,999073,1
50422.631109,4,0,0,998955,1
50425.503952,4,0,0,998746,1
50426.563667,4,0,0,998739,1
50430.207861,4,0,0,998932,1
50444.206092,4,0,0,998986,1
50446.338274,4,0,0,999045,1
50451.898266,4,0,0,999194,1
50453.151222,4,0,0,999160,1
50459.824248,4,0,0,998996,1
50463.926352,4,0,0,999032,1
50475.858723,4,0,0,999162,1
50476.246788,4,0,0,999172,1
50481.355418,4,0,0,999441,1
50483.971093,4,0,0,999348,1
50486.175717,4,0,0,999326,1
50488.112229,4,0,0,999279,1
50499.236436,4,0,0,999409,1
50500.628145,4,0,0,999427,1
50505.400801,4,0,0,999442,1
50505.527833,4,0,0,999448,1
50521.336460,4,0,0,999438,1
50529.077829,4,0,0,999359,1
50534.668651,4,0,0,999325,1
50538.165338,4,0,0,999385,1
50540.298725,4,0,0,999409,1
50543.033591,4,0,0,999455,1
50548.179534,4,0,0,999515,1
50551.577036,4,0,0,999443,1
50562.285118,4,0,0,999387,1
50564.162493,4,0,0,999351,1
50573.670915,4,0,0,999403,1
50575.381918,4,0,0,999435,1
50576.130769,4,0,0,999476,1
50576.781306,4,0,0,999543,1
50578.257578,4,0,0,999580,1
50590.159471,4,0,0,999510,1
50597.862795,4,0,0,999405,1
50604.217239,4,0,0,999410,1
50605.966662,4,0,0,999384,1
50607.133219,4,0,0,999290,1
50609.279190,4,0,0,999369,1
50614.550953,4,0,0,999367,1
50615.397500,4,0,0,999351,1
50618.989973,4,0,0,999210,1
