34199.000000,1,0,100,999000,1
34199.000000,1,0,100,999100,1
34199.000000,1,0,100,999200,1
34199.000000,1,0,100,999300,1
34199.000000,1,0,100,999400,1
34199.000000,1,0,100,999500,1
34199.000000,1,0,100,999600,1
34199.000000,1,0,100,999700,1
34199.000000,1,0,100,999800,1
34199.000000,1,0,100,999900,1
34199.000000,1,0,100,1000100,-1
34199.000000,1,0,100,1000200,-1
34199.000000,1,0,100,1000300,-1
34199.000000,1,0,100,1000400,-1
34199.000000,1,0,100,1000500,-1
34199.000000,1,0,100,1000600,-1
34199.000000,1,0,100,1000700,-1
34199.000000,1,0,100,1000800,-1
34199.000000,1,0,100,1000900,-1
34199.000000,1,0,100,1001000,-1
34200.000000,4,0,0,1000000,1
34200.125562,4,0,0,999973,1
34203.938845,4,0,0,1000060,1
34206.670617,4,0,0,1000121,1
34209.277445,4,0,0,1000006,1
34211.194117,4,0,0,999929,1
34212.288600,4,0,0,999934,1
34216.904489,4,0,0,999789,1
34218.607038,4,0,0,999793,1
34220.090626,4,0,0,999822,1
34224.729961,4,0,0,999864,1
34228.330252,4,0,0,999979,1
34229.021154,4,0,0,999979,1
34232.466000,4,0,0,999980,1
34233.440547,4,0,0,999938,1
34240.795424,4,0,0,999923,1
34249.992046,4,0,0,999817,1
34253.250509,4,0,0,999693,1
34262.210406,4,0,0,999767,1
34262.607128,4,0,0,999760,1
34265.970789,4,0,0,999733,1
34266.293512,4,0,0,999720,1
34268.964720,4,0,0,999547,1
34269.449954,4,0,0,999566,1
34270.100048,4,0,0,999519,1
34274.441182,4,0,0,999633,1
34275.665813,4,0,0,999440,1
34276.206468,4,0,0,999487,1
34277.395990,4,0,0,999460,1
34279.453855,4,0,0,999377,1
34282.468661,4,0,0,999402,1
34283.545714,4,0,0,999454,1
34288.434610,4,0,0,999455,1
34291.588681,4,0,0,999528,1
34294.952252,4,0,0,999355,1
34297.290701,4,0,0,999226,1
34304.834118,4,0,0,998964,1
34308.980818,4,0,0,998987,1
34309.827325,4,0,0,999057,1
34315.594318,4,0,0,999067,1
34331.557905,4,0,0,999195,1
34334.871228,4,0,0,999177,1
34345.401192,4,0,0,999070,1
34347.399057,4,0,0,999050,1
34351.401592,4,0,0,999162,1
34354.067985,4,0,0,999277,1
34356.811834,4,0,0,999323,1
34363.975183,4,0,0,999255,1
34367.641529,4,0,0,999176,1
34382.332983,4,0,0,998764,1
34386.088720,4,0,0,998802,1
34386.498181,4,0,0,998809,1
34388.679039,4,0,0,998595,1
34397.774453,4,0,0,998427,1
34400.266453,4,0,0,998362,1
34400.398282,4,0,0,998383,1
34401.755446,4,0,0,998362,1
34402.087679,4,0,0,998341,1
34426.425672,4,0,0,998710,1
34443.280388,4,0,0,998838,1
34450.979680,4,0,0,998623,1
34455.381313,4,0,0,998620,1
34462.302748,4,0,0,998304,1
34463.188945,4,0,0,998220,1
34464.846446,4,0,0,998156,1
34468.395490,4,0,0,998201,1
34470.503597,4,0,0,998207,1
34470.727086,4,0,0,998199,1
34490.246738,4,0,0,998064,1
34493.029849,4,0,0,997971,1
34496.381491,4,0,0,998033,1
34498.249916,4,0,0,998159,1
34499.687550,4,0,0,998097,1
34502.025977,4,0,0,998023,1
34510.552980,4,0,0,998104,1
34516.932559,4,0,0,998146,1
34519.211488,4,0,0,998177,1
34519.274120,4,0,0,998187,1
34526.905610,4,0,0,998283,1
34528.405927,4,0,0,998193,1
34532.583234,4,0,0,998221,1
34532.706955,4,0,0,998224,1
34537.894724,4,0,0,998316,1
34540.238093,4,0,0,998221,1
34543.523443,4,0,0,998150,1
34546.085440,4,0,0,998140,1
34548.150998,4,0,0,998200,1
34551.978264,4,0,0,998425,1
34569.227449,4,0,0,998614,1
34569.799414,4,0,0,998631,1
34571.595725,4,0,0,998707,1
34571.799814,4,0,0,998715,1
34578.209496,4,0,0,998566,1
34583.331361,4,0,0,998907,1
34584.486246,4,0,0,998872,1
34587.063360,4,0,0,998790,1
34591.998139,4,0,0,998884,1
34597.175721,4,0,0,998884,1
34598.069125,4,0,0,998884,1
34608.270256,4,0,0,998661,1
34615.464704,4,0,0,998788,1
34616.152152,4,0,0,998751,1
34625.864737,4,0,0,998649,1
34632.467914,4,0,0,998623,1
34640.127344,4,0,0,998378,1
34643.874040,4,0,0,998497,1
34645.066823,4,0,0,998507,1
34657.048586,4,0,0,998632,1
34661.334790,4,0,0,998507,1
34663.366346,4,0,0,998559,1
34664.830098,4,0,0,998510,1
34676.552693,4,0,0,998712,1
34679.154309,4,0,0,998760,1
34682.868107,4,0,0,998713,1
34687.349940,4,0,0,998744,1
34695.715594,4,0,0,998738,1
34700.385678,4,0,0,998713,1
34701.315147,4,0,0,998686,1
34705.591667,4,0,0,998701,1
34708.803381,4,0,0,998850,1
34712.598075,4,0,0,998754,1
34718.345433,4,0,0,998793,1
34719.693931,4,0,0,998780,1
34720.681315,4,0,0,998879,1
34721.241479,4,0,0,998838,1
34722.772451,4,0,0,998890,1
34722.821699,4,0,0,998873,1
34727.565960,4,0,0,998869,1
34729.238013,4,0,0,998909,1
34730.229274,4,0,0,998892,1
34730.707937,4,0,0,998845,1
34732.303186,4,0,0,998872,1
34733.459827,4,0,0,998715,1
34735.067425,4,0,0,998679,1
34738.114875,4,0,0,998684,1
34741.926400,4,0,0,998669,1
34750.841388,4,0,0,998493,1
34772.190073,4,0,0,998734,1
34772.429563,4,0,0,998752,1
34773.692055,4,0,0,998754,1
34778.619720,4,0,0,998928,1
34779.461481,4,0,0,998923,1
34789.219104,4,0,0,998978,1
34790.390858,4,0,0,999069,1
34796.862245,4,0,0,999057,1
34801.921825,4,0,0,999031,1
34809.588376,4,0,0,999185,1
34809.740123,4,0,0,999181,1
34810.986803,4,0,0,999247,1
34816.816099,4,0,0,999285,1
34817.254117,4,0,0,999262,1
34817.402618,4,0,0,999244,1
34819.514520,4,0,0,999199,1
34823.773818,4,0,0,999272,1
34824.030197,4,0,0,999268,1
34824.354849,4,0,0,999291,1
34824.567443,4,0,0,999294,1
34826.970712,4,0,0,999296,1
34832.247390,4,0,0,999517,1
34833.302242,4,0,0,999440,1
34843.290649,4,0,0,999449,1
34845.997654,4,0,0,999535,1
34850.618198,4,0,0,999555,1
34852.258176,4,0,0,999613,1
34856.823905,4,0,0,999665,1
34871.506864,4,0,0,999620,1
34874.347303,4,0,0,999640,1
34875.456238,4,0,0,999580,1
34878.104474,4,0,0,999532,1
34880.915211,4,0,0,999560,1
34884.301838,4,0,0,999597,1
34887.867648,4,0,0,999681,1
34888.074888,4,0,0,999637,1
34888.933510,4,0,0,999659,1
34891.793146,4,0,0,999697,1
34897.676861,4,0,0,999779,1
34904.862269,4,0,0,999668,1
34912.037266,4,0,0,999649,1
34915.377149,4,0,0,999565,1
34930.389706,4,0,0,999645,1
34932.317375,4,0,0,999626,1
34935.456567,4,0,0,999714,1
34942.052065,4,0,0,999845,1
34951.376883,4,0,0,999738,1
34953.935239,4,0,0,999830,1
34962.961735,4,0,0,999923,1
34965.772444,4,0,0,999815,1
34971.785162,4,0,0,999899,1
34971.825717,4,0,0,999897,1
34971.947724,4,0,0,999875,1
34985.431852,4,0,0,1000167,1
34985.946843,4,0,0,1000155,1
34991.131299,4,0,0,1000271,1
34992.723232,4,0,0,1000304,1
34993.794893,4,0,0,1000273,1
34996.144594,4,0,0,1000144,1
35008.583881,4,0,0,1000111,1
35012.621107,4,0,0,1000189,1
35024.501712,4,0,0,1000074,1
35030.292916,4,0,0,1000020,1
35033.617803,4,0,0,1000049,1
35036.989593,4,0,0,1000037,1
35038.170018,4,0,0,1000104,1
35038.192362,4,0,0,1000105,1
35040.778358,4,0,0,1000020,1
35044.739464,4,0,0,999934,1
35054.739296,4,0,0,999849,1
35060.149851,4,0,0,1000074,1
35068.979803,4,0,0,999934,1
35081.435872,4,0,0,999980,1
35094.973710,4,0,0,999897,1
35103.065885,4,0,0,999987,1
35103.739226,4,0,0,1000001,1
35105.773650,4,0,0,999940,1
35106.891351,4,0,0,999937,1
35116.548284,4,0,0,999739,1
35124.061517,4,0,0,999774,1
35126.113324,4,0,0,999950,1
35130.137956,4,0,0,999983,1
35137.955314,4,0,0,999915,1
35146.514991,4,0,0,1000055,1
35147.616360,4,0,0,1000083,1
35153.887031,4,0,0,1000197,1
35161.662447,4,0,0,1000281,1
35161.873182,4,0,0,1000289,1
35162.415131,4,0,0,1000267,1
35165.144882,4,0,0,1000284,1
35166.337931,4,0,0,1000202,1
35176.497634,4,0,0,1000404,1
35182.577079,4,0,0,1000417,1
35188.543946,4,0,0,1000576,1
35195.566081,4,0,0,1000456,1
35197.485696,4,0,0,1000243,1
35198.726400,4,0,0,1000209,1
35203.431926,4,0,0,1000046,1
35205.990438,4,0,0,1000023,1
35219.188743,4,0,0,1000019,1
35224.104910,4,0,0,999934,1
35226.443419,4,0,0,999916,1
35235.677648,4,0,0,1000131,1
35237.968773,4,0,0,1000072,1
35238.907527,4,0,0,1000054,1
35246.181249,4,0,0,999982,1
35249.235927,4,0,0,999986,1
35250.671855,4,0,0,1000112,1
35256.307248,4,0,0,999933,1
35275.124081,4,0,0,999692,1
35276.475383,4,0,0,999699,1
35283.940832,4,0,0,999734,1
35290.809187,4,0,0,999659,1
35291.420446,4,0,0,999661,1
35300.147513,4,0,0,999367,1
35303.108300,4,0,0,999438,1
35303.750850,4,0,0,999410,1
35307.424812,4,0,0,999361,1
35309.105964,4,0,0,999290,1
35310.029700,4,0,0,999262,1
35310.424307,4,0,0,999238,1
35311.484360,4,0,0,999239,1
35314.167840,4,0,0,999044,1
35319.075450,4,0,0,998937,1
35319.512508,4,0,0,998904,1
35325.524949,4,0,0,998763,1
35326.037848,4,0,0,998739,1
35326.960858,4,0,0,998697,1
35332.932962,4,0,0,998745,1
35343.282229,4,0,0,998640,1
35362.797603,4,0,0,998357,1
35367.855619,4,0,0,998481,1
35370.960624,4,0,0,998460,1
35371.399822,4,0,0,998491,1
35375.312724,4,0,0,998544,1
35376.268030,4,0,0,998661,1
35379.720979,4,0,0,998711,1
35384.208773,4,0,0,998694,1
35392.769919,4,0,0,998734,1
35394.639823,4,0,0,998751,1
35416.137399,4,0,0,998938,1
35441.416040,4,0,0,998955,1
35449.778971,4,0,0,998906,1
35455.441688,4,0,0,998844,1
35461.765716,4,0,0,999104,1
35471.715736,4,0,0,999121,1
35486.181932,4,0,0,998896,1
35495.322827,4,0,0,998742,1
35500.218799,4,0,0,998708,1
35500.583702,4,0,0,998751,1
35505.251521,4,0,0,998910,1
35507.334356,4,0,0,998977,1
35508.195035,4,0,0,998958,1
35518.885414,4,0,0,999151,1
35527.213816,4,0,0,999317,1
35530.788758,4,0,0,999225,1
35533.764758,4,0,0,999179,1
35536.976801,4,0,0,999271,1
35538.420736,4,0,0,999232,1
35540.883545,4,0,0,999147,1
35543.626736,4,0,0,999190,1
35543.699252,4,0,0,999178,1
35554.377998,4,0,0,999117,1
35554.519403,4,0,0,999104,1
35556.749932,4,0,0,999060,1
35557.231688,4,0,0,999093,1
35558.280210,4,0,0,999167,1
35571.925153,4,0,0,999527,1
35574.143337,4,0,0,999461,1
35580.384294,4,0,0,999361,1
35581.028916,4,0,0,999388,1
35582.412219,4,0,0,999367,1
35592.596540,4,0,0,999189,1
35603.763108,4,0,0,999088,1
35605.384318,4,0,0,999183,1
35621.706497,4,0,0,999665,1
35626.978452,4,0,0,999447,1
35630.320527,4,0,0,999445,1
35632.590163,4,0,0,999559,1
35634.557304,4,0,0,999564,1
35649.073100,4,0,0,999599,1
35654.723038,4,0,0,999763,1
35658.373945,4,0,0,999809,1
35658.586481,4,0,0,999794,1
35659.946018,4,0,0,999704,1
35673.653641,4,0,0,999529,1
35677.543939,4,0,0,999341,1
35679.658692,4,0,0,999422,1
35679.704079,4,0,0,999420,1
35681.101868,4,0,0,999466,1
35682.504002,4,0,0,999488,1
35683.398607,4,0,0,999542,1
35685.420975,4,0,0,999541,1
35686.503455,4,0,0,999587,1
35686.813997,4,0,0,999589,1
35687.306800,4,0,0,999608,1
35690.588861,4,0,0,999616,1
35690.934004,4,0,0,999632,1
35704.010810,4,0,0,999487,1
35705.114009,4,0,0,999526,1
35708.096812,4,0,0,999542,1
35710.656868,4,0,0,999585,1
35712.302986,4,0,0,999621,1
35714.171320,4,0,0,999626,1
35715.307749,4,0,0,999700,1
35716.879780,4,0,0,999857,1
35717.475125,4,0,0,999860,1
35723.061858,4,0,0,999792,1
35728.005829,4,0,0,999714,1
35729.790120,4,0,0,999805,1
35739.936903,4,0,0,999914,1
35742.271324,4,0,0,1000056,1
35746.785582,4,0,0,1000082,1
35750.325621,4,0,0,999949,1
35752.204767,4,0,0,999806,1
35764.901740,4,0,0,999757,1
35773.912999,4,0,0,999689,1
35782.706405,4,0,0,999720,1
35797.454657,4,0,0,999530,1
35797.466538,4,0,0,999519,1
35800.705027,4,0,0,999427,1
35813.989702,4,0,0,999505,1
35814.679758,4,0,0,999423,1
35816.023080,4,0,0,999366,1
35819.384962,4,0,0,999361,1
35824.807938,4,0,0,999445,1
35826.741952,4,0,0,999474,1
35828.490518,4,0,0,999537,1
35835.637610,4,0,0,999649,1
35835.797289,4,0,0,999615,1
35843.162481,4,0,0,999262,1
35845.837184,4,0,0,999344,1
35850.576930,4,0,0,999362,1
35856.420416,4,0,0,999466,1
35856.915913,4,0,0,999471,1
35868.109745,4,0,0,999595,1
35876.368289,4,0,0,999695,1
35878.617824,4,0,0,999793,1
35879.653447,4,0,0,999810,1
35879.963499,4,0,0,999774,1
35881.727556,4,0,0,999845,1
35887.697500,4,0,0,1000058,1
35895.716518,4,0,0,1000387,1
35897.606522,4,0,0,1000458,1
35898.795944,4,0,0,1000512,1
35900.691672,4,0,0,1000564,1
35916.630480,4,0,0,1000931,1
35917.113385,4,0,0,1000915,1
35917.959235,4,0,0,1000890,1
35923.623306,4,0,0,1000873,1
35924.342925,4,0,0,1000823,1
35925.825199,4,0,0,1000910,1
35933.594825,4,0,0,1000677,1
35935.303911,4,0,0,1000702,1
35939.648260,4,0,0,1000634,1
35943.713802,4,0,0,1000539,1
35945.188376,4,0,0,1000536,1
35946.555437,4,0,0,1000555,1
35948.190356,4,0,0,1000517,1
35958.166171,4,0,0,1000596,1
35958.256687,4,0,0,1000589,1
35958.716095,4,0,0,1000642,1
35960.711030,4,0,0,1000614,1
35961.900524,4,0,0,1000639,1
35965.855954,4,0,0,1000614,1
35969.562165,4,0,0,1000724,1
35972.831274,4,0,0,1000686,1
35974.541325,4,0,0,1000634,1
35977.965291,4,0,0,1000592,1
35985.340103,4,0,0,1000833,1
35993.341853,4,0,0,1000726,1
35996.979841,4,0,0,1000653,1
36004.826815,4,0,0,1000798,1
36004.993526,4,0,0,1000825,1
36005.793287,4,0,0,1000807,1
36012.385197,4,0,0,1000735,1
36014.707902,4,0,0,1000736,1
36016.536619,4,0,0,1000713,1
36020.593179,4,0,0,1000618,1
36022.820109,4,0,0,1000612,1
36034.305187,4,0,0,1000301,1
36036.644248,4,0,0,1000285,1
36045.293226,4,0,0,1000130,1
36049.694218,4,0,0,1000048,1
36061.312639,4,0,0,1000032,1
36064.475815,4,0,0,1000080,1
36079.687691,4,0,0,1000085,1
36083.797043,4,0,0,1000070,1
36083.931535,4,0,0,1000086,1
36090.349833,4,0,0,1000162,1
36099.795920,4,0,0,1000291,1
36100.291849,4,0,0,1000327,1
36116.108313,4,0,0,1000221,1
36120.069965,4,0,0,1000110,1
36126.521899,4,0,0,999971,1
36127.734128,4,0,0,999965,1
36141.277377,4,0,0,999805,1
36146.205270,4,0,0,999790,1
36149.951688,4,0,0,999782,1
36165.506999,4,0,0,999540,1
36169.398468,4,0,0,999599,1
36173.024474,4,0,0,999617,1
36173.243398,4,0,0,999596,1
36177.022060,4,0,0,999544,1
36183.541926,4,0,0,999500,1
36185.738355,4,0,0,999555,1
36191.174794,4,0,0,999473,1
36195.143917,4,0,0,999430,1
36196.258433,4,0,0,999350,1
36200.041575,4,0,0,999323,1
36203.130613,4,0,0,999203,1
36205.100289,4,0,0,999122,1
36210.294192,4,0,0,999023,1
36210.595827,4,0,0,999081,1
36212.825430,4,0,0,998995,1
36215.546944,4,0,0,999085,1
36232.968038,4,0,0,999261,1
36238.694423,4,0,0,999174,1
36243.392850,4,0,0,999285,1
36244.203237,4,0,0,999347,1
36246.933062,4,0,0,999323,1
36249.150972,4,0,0,999338,1
36262.630852,4,0,0,999129,1
36265.513064,4,0,0,999325,1
36274.746644,4,0,0,999022,1
36279.814377,4,0,0,998972,1
36289.920918,4,0,0,999261,1
36289.936888,4,0,0,999266,1
36302.304888,4,0,0,999505,1
36316.749799,4,0,0,999173,1
36317.554476,4,0,0,999146,1
36317.879368,4,0,0,999118,1
36319.703777,4,0,0,999144,1
36323.914077,4,0,0,999053,1
36327.463770,4,0,0,998979,1
36330.193850,4,0,0,998830,1
36341.848174,4,0,0,998751,1
36345.882092,4,0,0,998741,1
36358.884527,4,0,0,998809,1
36362.987611,4,0,0,998866,1
36363.966499,4,0,0,998901,1
36383.190540,4,0,0,998855,1
36414.281888,4,0,0,998616,1
36417.108952,4,0,0,998611,1
36423.979223,4,0,0,998665,1
36428.817303,4,0,0,998611,1
36429.796565,4,0,0,998543,1
36433.934144,4,0,0,998588,1
36439.010580,4,0,0,998770,1
36443.316226,4,0,0,999035,1
36447.043403,4,0,0,999024,1
36451.327200,4,0,0,998927,1
36457.227640,4,0,0,998992,1
36464.273059,4,0,0,998837,1
36464.718877,4,0,0,998886,1
36476.418208,4,0,0,998848,1
36479.272611,4,0,0,998839,1
36484.974065,4,0,0,998801,1
36487.318337,4,0,0,998726,1
36487.568841,4,0,0,998725,1
36492.777019,4,0,0,998790,1
36494.952737,4,0,0,998952,1
36498.799224,4,0,0,998934,1
36500.281264,4,0,0,999012,1
36501.371106,4,0,0,998960,1
36503.050168,4,0,0,998887,1
36511.866031,4,0,0,998810,1
36524.185151,4,0,0,999018,1
36542.557548,4,0,0,998838,1
36545.114850,4,0,0,998831,1
36552.206590,4,0,0,999048,1
36553.086046,4,0,0,999077,1
36559.603948,4,0,0,999043,1
36562.242537,4,0,0,998924,1
36571.126118,4,0,0,998840,1
36572.174973,4,0,0,998939,1
36580.342997,4,0,0,998752,1
36580.701852,4,0,0,998759,1
36589.647633,4,0,0,998734,1
36592.281596,4,0,0,998752,1
36593.006652,4,0,0,998674,1
36594.752136,4,0,0,998659,1
36600.658670,4,0,0,998648,1
36603.484152,4,0,0,998533,1
36604.753783,4,0,0,998452,1
36606.057833,4,0,0,998495,1
36611.705269,4,0,0,998821,1
36616.693053,4,0,0,998626,1
36617.008819,4,0,0,998569,1
36625.010878,4,0,0,998462,1
36625.732835,4,0,0,998480,1
36627.048193,4,0,0,998468,1
36627.115120,4,0,0,998493,1
36630.488537,4,0,0,998505,1
36639.586564,4,0,0,998245,1
36652.279907,4,0,0,998313,1
36655.254665,4,0,0,998431,1
36655.772912,4,0,0,998428,1
36658.846616,4,0,0,998377,1
36660.486806,4,0,0,998305,1
36662.256317,4,0,0,998403,1
36663.586773,4,0,0,998457,1
36678.272992,4,0,0,998183,1
36680.694152,4,0,0,998154,1
36680.711263,4,0,0,998144,1
36683.979426,4,0,0,998076,1
36689.737568,4,0,0,998245,1
36697.810327,4,0,0,998276,1
36704.502013,4,0,0,998217,1
36710.291580,4,0,0,998324,1
36711.346841,4,0,0,998354,1
36713.406758,4,0,0,998298,1
36716.347457,4,0,0,998195,1
36717.051536,4,0,0,998182,1
36719.716523,4,0,0,998112,1
36720.228056,4,0,0,998122,1
36720.664468,4,0,0,998119,1
36729.311593,4,0,0,997918,1
36730.196191,4,0,0,997963,1
36733.256849,4,0,0,997967,1
36737.944096,4,0,0,998002,1
36751.310752,4,0,0,998164,1
36753.059033,4,0,0,998213,1
36754.014170,4,0,0,998174,1
36763.970040,4,0,0,998198,1
36765.699495,4,0,0,998199,1
36767.254189,4,0,0,998173,1
36768.031749,4,0,0,998283,1
36770.843412,4,0,0,998407,1
36772.101899,4,0,0,998440,1
36774.226656,4,0,0,998443,1
36776.167026,4,0,0,998522,1
36780.853957,4,0,0,998374,1
36783.674411,4,0,0,998462,1
36789.090286,4,0,0,998443,1
36790.801047,4,0,0,998462,1
36792.661285,4,0,0,998420,1
36823.086740,4,0,0,998163,1
36824.387704,4,0,0,998086,1
36831.266654,4,0,0,998040,1
36837.015063,4,0,0,998036,1
36842.003813,4,0,0,998133,1
36842.623346,4,0,0,998189,1
36842.650056,4,0,0,998188,1
36849.192269,4,0,0,998194,1
36849.606594,4,0,0,998203,1
36850.935535,4,0,0,998246,1
36872.592620,4,0,0,998266,1
36888.771765,4,0,0,997943,1
36900.924565,4,0,0,997621,1
36905.108515,4,0,0,997628,1
36908.020647,4,0,0,997686,1
36910.986754,4,0,0,997497,1
36912.971029,4,0,0,997502,1
36929.328244,4,0,0,997264,1
36937.419391,4,0,0,997267,1
36960.454267,4,0,0,997296,1
36962.165198,4,0,0,997345,1
36966.310152,4,0,0,997461,1
36971.787637,4,0,0,997247,1
36974.100710,4,0,0,997178,1
36978.295150,4,0,0,997334,1
36979.341012,4,0,0,997428,1
36981.141569,4,0,0,997456,1
36981.834498,4,0,0,997473,1
36986.755029,4,0,0,997568,1
36988.698961,4,0,0,997487,1
36991.342782,4,0,0,997616,1
36993.632160,4,0,0,997511,1
36993.891198,4,0,0,997526,1
37004.703368,4,0,0,997489,1
37010.917481,4,0,0,997433,1
37012.789383,4,0,0,997300,1
37023.733968,4,0,0,997207,1
37029.115529,4,0,0,997116,1
37052.002299,4,0,0,997521,1
37054.976194,4,0,0,997366,1
37055.531120,4,0,0,997369,1
37056.150855,4,0,0,997380,1
37062.710350,4,0,0,997331,1
37066.842772,4,0,0,997320,1
37068.010905,4,0,0,997240,1
37071.802303,4,0,0,997413,1
37075.409317,4,0,0,997507,1
37084.732010,4,0,0,997279,1
37084.992696,4,0,0,997263,1
37085.566144,4,0,0,997275,1
37088.359930,4,0,0,997347,1
37089.077625,4,0,0,997383,1
37110.524126,4,0,0,997249,1
37111.580323,4,0,0,997128,1
37116.200760,4,0,0,997255,1
37119.003610,4,0,0,997247,1
37126.277659,4,0,0,997228,1
37126.536090,4,0,0,997237,1
37128.410551,4,0,0,997197,1
37131.443219,4,0,0,997168,1
37132.019808,4,0,0,997229,1
37136.918958,4,0,0,997124,1
37140.571024,4,0,0,997103,1
37148.952075,4,0,0,996829,1
37151.743152,4,0,0,996693,1
37153.414178,4,0,0,996760,1
37155.228855,4,0,0,996883,1
37156.513382,4,0,0,996914,1
37169.432971,4,0,0,997027,1
37177.095415,4,0,0,997165,1
37179.106691,4,0,0,997147,1
37181.962908,4,0,0,997091,1
37182.472430,4,0,0,997122,1
37186.727042,4,0,0,997179,1
37192.966335,4,0,0,997395,1
37194.202967,4,0,0,997451,1
37196.991733,4,0,0,997375,1
37202.361878,4,0,0,997278,1
37205.156028,4,0,0,997177,1
37208.978692,4,0,0,997211,1
37210.014641,4,0,0,997143,1
37217.589681,4,0,0,997445,1
37218.144633,4,0,0,997416,1
37221.185802,4,0,0,997420,1
37222.830425,4,0,0,997416,1
37223.362761,4,0,0,997421,1
37232.610977,4,0,0,997309,1
37233.678776,4,0,0,997200,1
37236.706895,4,0,0,997196,1
37241.241719,4,0,0,997101,1
37242.743498,4,0,0,997007,1
37245.866175,4,0,0,996911,1
37249.479954,4,0,0,996961,1
37252.292780,4,0,0,996823,1
37254.449682,4,0,0,996982,1
37255.863333,4,0,0,997049,1
37267.174279,4,0,0,997007,1
37270.579022,4,0,0,996947,1
37276.355442,4,0,0,997019,1
37280.005455,4,0,0,996973,1
37281.616121,4,0,0,996952,1
37284.729448,4,0,0,996877,1
37293.012302,4,0,0,996835,1
37302.990154,4,0,0,996746,1
37316.502049,4,0,0,996491,1
37317.664733,4,0,0,996400,1
37319.688820,4,0,0,996391,1
37320.294152,4,0,0,996395,1
37341.538137,4,0,0,996275,1
37346.303747,4,0,0,996444,1
37352.137048,4,0,0,996606,1
37354.830169,4,0,0,996554,1
37356.164362,4,0,0,996575,1
37358.505434,4,0,0,996574,1
37360.133716,4,0,0,996531,1
37363.767236,4,0,0,996676,1
37371.864655,4,0,0,996536,1
37380.385024,4,0,0,996415,1
37381.996748,4,0,0,996344,1
37382.931270,4,0,0,996347,1
37389.069709,4,0,0,996337,1
37391.649062,4,0,0,996290,1
37392.609048,4,0,0,996396,1
37397.041148,4,0,0,996396,1
37397.611816,4,0,0,996427,1
37398.091692,4,0,0,996405,1
37398.149647,4,0,0,996410,1
37399.258804,4,0,0,996312,1
37402.375465,4,0,0,996345,1
37403.222035,4,0,0,996365,1
37403.562182,4,0,0,996369,1
37406.804366,4,0,0,996264,1
37417.963491,4,0,0,996467,1
37418.018784,4,0,0,996470,1
37419.256192,4,0,0,996507,1
37430.326070,4,0,0,996319,1
37435.133673,4,0,0,996335,1
37443.616946,4,0,0,995998,1
37455.090391,4,0,0,995945,1
37456.270363,4,0,0,995979,1
37462.700827,4,0,0,995841,1
37464.146679,4,0,0,995739,1
37477.471394,4,0,0,995813,1
37492.528577,4,0,0,995890,1
37493.363195,4,0,0,995956,1
37501.358538,4,0,0,995842,1
37501.589299,4,0,0,995832,1
37505.962005,4,0,0,995718,1
37509.105538,4,0,0,995727,1
37513.480381,4,0,0,995738,1
37520.300377,4,0,0,995869,1
37530.053580,4,0,0,995856,1
37533.395796,4,0,0,995919,1
37533.761538,4,0,0,995965,1
37545.475728,4,0,0,995530,1
37545.775470,4,0,0,995510,1
37553.338240,4,0,0,995507,1
37553.956017,4,0,0,995574,1
37565.089865,4,0,0,995443,1
37569.900071,4,0,0,995702,1
37571.674967,4,0,0,995764,1
37581.251943,4,0,0,995811,1
37582.202815,4,0,0,995775,1
37583.363379,4,0,0,995767,1
37585.248435,4,0,0,995829,1
37587.801691,4,0,0,995790,1
37588.981204,4,0,0,995773,1
37601.036914,4,0,0,995591,1
37603.811966,4,0,0,995644,1
37618.309394,4,0,0,995428,1
37619.705279,4,0,0,995334,1
37622.726962,4,0,0,995383,1
37630.458512,4,0,0,995424,1
37652.163561,4,0,0,995699,1
37655.018981,4,0,0,995625,1
37658.053786,4,0,0,995538,1
37671.555482,4,0,0,995746,1
37674.260920,4,0,0,995753,1
37677.036251,4,0,0,995642,1
37691.666723,4,0,0,995695,1
37694.950308,4,0,0,995623,1
37695.595327,4,0,0,995574,1
37709.160895,4,0,0,995665,1
37712.488268,4,0,0,995612,1
37714.626798,4,0,0,995617,1
37725.666634,4,0,0,995573,1
37725.749278,4,0,0,995566,1
37739.847052,4,0,0,995839,1
37740.284777,4,0,0,995760,1
37740.660017,4,0,0,995805,1
37754.291586,4,0,0,995604,1
37757.398694,4,0,0,995464,1
37758.345575,4,0,0,995524,1
37777.619473,4,0,0,995769,1
37779.571115,4,0,0,995805,1
37793.127128,4,0,0,995939,1
37796.067996,4,0,0,996054,1
37798.260871,4,0,0,995974,1
37802.332273,4,0,0,996007,1
37813.870052,4,0,0,996229,1
37832.590164,4,0,0,996674,1
37838.277551,4,0,0,996633,1
37840.473243,4,0,0,996585,1
37849.995581,4,0,0,996434,1
37862.333879,4,0,0,996375,1
37866.076156,4,0,0,996288,1
37872.018826,4,0,0,996259,1
37881.826515,4,0,0,996108,1
37887.340424,4,0,0,996082,1
37892.364482,4,0,0,995949,1
37894.655025,4,0,0,995967,1
37899.039791,4,0,0,995993,1
37900.371656,4,0,0,995967,1
37900.982052,4,0,0,996028,1
37902.411864,4,0,0,995973,1
37905.236934,4,0,0,996173,1
37907.256267,4,0,0,996207,1
37913.042867,4,0,0,996317,1
37915.347406,4,0,0,996191,1
37918.707354,4,0,0,996436,1
37920.350223,4,0,0,996431,1
37920.795916,4,0,0,996430,1
37926.826295,4,0,0,996440,1
37928.039197,4,0,0,996501,1
37931.032977,4,0,0,996413,1
37935.341162,4,0,0,996523,1
37940.678706,4,0,0,996479,1
37943.239373,4,0,0,996529,1
37944.803652,4,0,0,996496,1
37955.476702,4,0,0,996416,1
37960.417288,4,0,0,996473,1
37961.779857,4,0,0,996534,1
37968.765454,4,0,0,996656,1
37972.444218,4,0,0,996720,1
37975.046110,4,0,0,996643,1
37975.535896,4,0,0,996619,1
37976.736806,4,0,0,996613,1
37977.269326,4,0,0,996563,1
37982.980374,4,0,0,996974,1
37989.561776,4,0,0,997009,1
37992.297141,4,0,0,997099,1
37992.563980,4,0,0,997095,1
37993.454270,4,0,0,997154,1
38007.310107,4,0,0,997177,1
38017.944855,4,0,0,997138,1
38020.372760,4,0,0,997255,1
38021.101680,4,0,0,997241,1
38023.902945,4,0,0,997252,1
38026.619509,4,0,0,997232,1
38026.713829,4,0,0,997230,1
38032.781421,4,0,0,997023,1
38037.902247,4,0,0,997130,1
38042.124431,4,0,0,997285,1
38049.986423,4,0,0,997196,1
38058.204923,4,0,0,997120,1
38059.356833,4,0,0,997124,1
38059.705045,4,0,0,997160,1
38061.904296,4,0,0,997120,1
38072.091008,4,0,0,997064,1
38079.232204,4,0,0,997230,1
38080.641668,4,0,0,997189,1
38086.961788,4,0,0,997498,1
38090.959018,4,0,0,997369,1
38092.506052,4,0,0,997298,1
38098.601892,4,0,0,997354,1
38100.195745,4,0,0,997276,1
38102.193291,4,0,0,997211,1
38103.274425,4,0,0,997126,1
38107.175531,4,0,0,997165,1
38110.018818,4,0,0,997260,1
38114.801292,4,0,0,997185,1
38114.851807,4,0,0,997197,1
38117.339456,4,0,0,997263,1
38117.522408,4,0,0,997252,1
38119.261945,4,0,0,997219,1
38119.693179,4,0,0,997204,1
38123.462898,4,0,0,997244,1
38135.562638,4,0,0,997600,1
38144.771695,4,0,0,997626,1
38148.002071,4,0,0,997737,1
38150.018641,4,0,0,997641,1
38150.029212,4,0,0,997637,1
38154.974316,4,0,0,997314,1
38156.832057,4,0,0,997293,1
38159.202651,4,0,0,997250,1
38163.855271,4,0,0,997234,1
38164.830195,4,0,0,997205,1
38168.766792,4,0,0,997224,1
38171.622185,4,0,0,997282,1
38173.880646,4,0,0,997289,1
38182.574337,4,0,0,997223,1
38188.852382,4,0,0,997259,1
38189.675216,4,0,0,997274,1
38201.272457,4,0,0,997369,1
38201.281662,4,0,0,997368,1
38202.613528,4,0,0,997411,1
38203.318208,4,0,0,997397,1
38205.314326,4,0,0,997392,1
38206.079872,4,0,0,997398,1
38207.657918,4,0,0,997279,1
38210.103285,4,0,0,997226,1
38213.168638,4,0,0,997158,1
38214.671966,4,0,0,997078,1
38215.008473,4,0,0,997115,1
38218.726093,4,0,0,997118,1
38223.522546,4,0,0,997215,1
38228.622616,4,0,0,997251,1
38228.761705,4,0,0,997248,1
38229.296567,4,0,0,997257,1
38234.570887,4,0,0,997389,1
38235.088180,4,0,0,997302,1
38235.417577,4,0,0,997315,1
38238.289919,4,0,0,997186,1
38240.458716,4,0,0,997237,1
38245.806792,4,0,0,997199,1
38246.003472,4,0,0,997176,1
38247.223780,4,0,0,997125,1
38248.828579,4,0,0,997111,1
38250.709221,4,0,0,997153,1
38250.747297,4,0,0,997146,1
38254.573551,4,0,0,997054,1
38254.636108,4,0,0,997046,1
38256.344863,4,0,0,997052,1
38267.845616,4,0,0,997068,1
38268.668766,4,0,0,997108,1
38273.530558,4,0,0,996982,1
38276.445398,4,0,0,997030,1
38288.822801,4,0,0,997050,1
38291.600266,4,0,0,996932,1
38292.682756,4,0,0,996864,1
38318.682125,4,0,0,996952,1
38324.834699,4,0,0,996777,1
38325.498560,4,0,0,996802,1
38329.089363,4,0,0,996693,1
38330.837168,4,0,0,996750,1
38341.048755,4,0,0,996781,1
38341.887598,4,0,0,996653,1
38346.823071,4,0,0,996654,1
38361.928708,4,0,0,996527,1
38373.376884,4,0,0,996627,1
38384.406796,4,0,0,996661,1
38389.614229,4,0,0,996555,1
38391.339982,4,0,0,996527,1
38391.712138,4,0,0,996529,1
38392.613496,4,0,0,996555,1
38403.323032,4,0,0,996566,1
38409.205736,4,0,0,996621,1
38409.732566,4,0,0,996619,1
38426.829417,4,0,0,996502,1
38430.238180,4,0,0,996621,1
38431.139242,4,0,0,996619,1
38434.261374,4,0,0,996683,1
38436.696610,4,0,0,996641,1
38437.846897,4,0,0,996634,1
38442.637517,4,0,0,996599,1
38446.206963,4,0,0,996465,1
38447.738317,4,0,0,996514,1
38455.498151,4,0,0,996549,1
38459.197599,4,0,0,996635,1
38461.179677,4,0,0,996736,1
38462.000659,4,0,0,996695,1
38465.308718,4,0,0,996722,1
38466.107899,4,0,0,996728,1
38477.923549,4,0,0,996592,1
38481.188484,4,0,0,996639,1
38492.845746,4,0,0,996564,1
38494.688341,4,0,0,996560,1
38497.635968,4,0,0,996629,1
38501.157959,4,0,0,996548,1
38512.085805,4,0,0,996453,1
38512.734741,4,0,0,996482,1
38515.165542,4,0,0,996461,1
38515.586866,4,0,0,996422,1
38527.332933,4,0,0,996375,1
38535.439073,4,0,0,996542,1
38537.885306,4,0,0,996658,1
38543.167936,4,0,0,996777,1
38546.911425,4,0,0,996956,1
38551.434234,4,0,0,996810,1
38560.572555,4,0,0,996953,1
38581.143205,4,0,0,997041,1
38581.546395,4,0,0,997069,1
38585.557173,4,0,0,997176,1
38596.721706,4,0,0,997254,1
38599.135812,4,0,0,997221,1
38600.540510,4,0,0,997257,1
38601.212680,4,0,0,997231,1
38605.903855,4,0,0,997278,1
38607.036787,4,0,0,997265,1
38609.308992,4,0,0,997167,1
38611.760697,4,0,0,997284,1
38616.442022,4,0,0,997244,1
38631.293491,4,0,0,997312,1
38652.668315,4,0,0,996846,1
38654.365948,4,0,0,996777,1
38655.834488,4,0,0,996825,1
38661.923669,4,0,0,996747,1
38666.997512,4,0,0,999072,1
38667.515752,4,0,0,999083,1
38669.028957,4,0,0,999025,1
38682.978660,4,0,0,998965,1
38690.704754,4,0,0,998761,1
38691.763178,4,0,0,998760,1
38695.043561,4,0,0,998733,1
38695.506440,4,0,0,998685,1
38699.064366,4,0,0,998858,1
38703.092005,4,0,0,998941,1
38704.048392,4,0,0,998947,1
38704.418867,4,0,0,998943,1
38705.367928,4,0,0,998957,1
38708.565986,4,0,0,998905,1
38708.841116,4,0,0,998945,1
38709.755074,4,0,0,998972,1
38710.786636,4,0,0,999022,1
38713.466055,4,0,0,999093,1
38717.138698,4,0,0,999033,1
38719.328419,4,0,0,999093,1
38724.284073,4,0,0,999060,1
38737.137455,4,0,0,999120,1
38738.404957,4,0,0,999187,1
38760.427375,4,0,0,999305,1
38762.367925,4,0,0,999399,1
38766.729959,4,0,0,999384,1
38768.855153,4,0,0,999370,1
38774.307500,4,0,0,999211,1
38783.478805,4,0,0,999316,1
38791.003844,4,0,0,999241,1
38795.652130,4,0,0,999086,1
38799.637413,4,0,0,999209,1
38800.429297,4,0,0,999284,1
38808.454848,4,0,0,999184,1
38828.062854,4,0,0,999247,1
38832.861791,4,0,0,999055,1
38837.024833,4,0,0,999061,1
38837.793758,4,0,0,999072,1
38839.341973,4,0,0,999123,1
38841.479131,4,0,0,999141,1
38842.496480,4,0,0,999263,1
38864.701201,4,0,0,999225,1
38871.889791,4,0,0,998052,1
38876.973611,4,0,0,998082,1
38879.197913,4,0,0,998129,1
38879.947588,4,0,0,998106,1
38882.354200,4,0,0,998124,1
38883.212166,4,0,0,998156,1
38886.905503,4,0,0,998232,1
38887.844515,4,0,0,998250,1
38888.084890,4,0,0,998263,1
38892.639261,4,0,0,998107,1
38894.932030,4,0,0,998170,1
38900.430716,4,0,0,998195,1
38903.964082,4,0,0,998123,1
38908.686101,4,0,0,998088,1
38910.518983,4,0,0,998071,1
38914.691056,4,0,0,998022,1
38917.952697,4,0,0,998012,1
38922.265133,4,0,0,997979,1
38922.302003,4,0,0,997965,1
38938.312587,4,0,0,998420,1
38939.593723,4,0,0,998443,1
38939.975098,4,0,0,998511,1
38941.644779,4,0,0,998495,1
38947.288499,4,0,0,998693,1
38960.190162,4,0,0,998688,1
38969.075547,4,0,0,998931,1
38970.966299,4,0,0,998996,1
38979.497687,4,0,0,999117,1
38979.765039,4,0,0,999112,1
38980.230735,4,0,0,999120,1
38981.216475,4,0,0,999186,1
38988.625798,4,0,0,998925,1
38994.783577,4,0,0,998848,1
38995.455505,4,0,0,998798,1
39001.341798,4,0,0,998695,1
39008.198962,4,0,0,998785,1
39009.211289,4,0,0,998828,1
39014.520805,4,0,0,998812,1
39017.007379,4,0,0,998904,1
39017.371815,4,0,0,998882,1
39020.854906,4,0,0,998831,1
39024.097615,4,0,0,998847,1
39034.309116,4,0,0,998926,1
39038.235486,4,0,0,998919,1
39047.002662,4,0,0,998774,1
39049.888710,4,0,0,998826,1
39055.897940,4,0,0,999043,1
39072.637666,4,0,0,998991,1
39072.739680,4,0,0,998991,1
39075.608709,4,0,0,998902,1
39078.294415,4,0,0,998905,1
39085.533467,4,0,0,998794,1
39085.622912,4,0,0,998796,1
39089.767891,4,0,0,998960,1
39091.330341,4,0,0,998995,1
39094.424762,4,0,0,998936,1
39100.462895,4,0,0,999043,1
39105.214078,4,0,0,998863,1
39106.565018,4,0,0,998935,1
39107.664055,4,0,0,998952,1
39116.753251,4,0,0,998806,1
39120.139082,4,0,0,998782,1
39138.734522,4,0,0,998617,1
39143.940987,4,0,0,998852,1
39145.163516,4,0,0,998885,1
39146.050494,4,0,0,998839,1
39147.924017,4,0,0,998795,1
39154.819596,4,0,0,998826,1
39157.767254,4,0,0,998782,1
39161.778461,4,0,0,998811,1
39166.101381,4,0,0,998856,1
39167.018392,4,0,0,998788,1
39169.027564,4,0,0,998833,1
39170.695084,4,0,0,998943,1
39183.855716,4,0,0,999019,1
39183.891965,4,0,0,999025,1
39198.842073,4,0,0,998948,1
39199.569581,4,0,0,998927,1
39203.324522,4,0,0,998961,1
39204.780349,4,0,0,998910,1
39206.515511,4,0,0,998806,1
39213.390498,4,0,0,998924,1
39219.005058,4,0,0,998855,1
39225.935373,4,0,0,998893,1
39226.936998,4,0,0,998900,1
39228.020149,4,0,0,998922,1
39234.796450,4,0,0,999009,1
39235.414481,4,0,0,999030,1
39246.778031,4,0,0,998997,1
39259.079111,4,0,0,999156,1
39262.441791,4,0,0,999127,1
39268.249558,4,0,0,999177,1
39270.195965,4,0,0,999136,1
39275.036792,4,0,0,999151,1
39275.157913,4,0,0,999136,1
39276.341153,4,0,0,999212,1
39279.231153,4,0,0,999243,1
39282.451788,4,0,0,999181,1
39302.765540,4,0,0,998809,1
39335.335254,4,0,0,998655,1
39335.963152,4,0,0,998707,1
39337.507944,4,0,0,998669,1
39337.919962,4,0,0,998701,1
39339.916399,4,0,0,998688,1
39354.133663,4,0,0,998648,1
39358.165424,4,0,0,998548,1
39358.360322,4,0,0,998554,1
39361.874983,4,0,0,998654,1
39374.802570,4,0,0,998812,1
39392.031177,4,0,0,998944,1
39403.640893,4,0,0,998783,1
39410.447848,4,0,0,998804,1
39411.832946,4,0,0,998737,1
39422.865937,4,0,0,998611,1
39424.551562,4,0,0,998636,1
39434.592893,4,0,0,998481,1
39434.794988,4,0,0,998491,1
39435.072537,4,0,0,998483,1
39442.841753,4,0,0,998690,1
39443.381140,4,0,0,998683,1
39446.145910,4,0,0,998725,1
39448.154982,4,0,0,998795,1
39449.711360,4,0,0,998830,1
39451.859958,4,0,0,998875,1
39455.038056,4,0,0,998721,1
39463.692364,4,0,0,998857,1
39468.282120,4,0,0,998685,1
39479.654330,4,0,0,998579,1
39488.316765,4,0,0,998226,1
39489.071897,4,0,0,998209,1
39491.698530,4,0,0,998154,1
39495.338280,4,0,0,998130,1
39496.750238,4,0,0,998070,1
39500.743309,4,0,0,998053,1
39518.229457,4,0,0,997920,1
39519.449201,4,0,0,997907,1
39526.786911,4,0,0,998021,1
39552.064153,4,0,0,997511,1
39553.465198,4,0,0,997506,1
39562.730602,4,0,0,997490,1
39563.643783,4,0,0,997414,1
39575.838259,4,0,0,997352,1
39577.572027,4,0,0,997443,1
39579.129086,4,0,0,997463,1
39590.367306,4,0,0,997381,1
39592.012273,4,0,0,997425,1
39593.212777,4,0,0,997443,1
39594.981861,4,0,0,997356,1
39600.331723,4,0,0,997316,1
39600.436192,4,0,0,997314,1
39601.234543,4,0,0,997313,1
39601.796578,4,0,0,997323,1
39605.338179,4,0,0,997325,1
39605.589838,4,0,0,997324,1
39617.701753,4,0,0,997247,1
39620.721271,4,0,0,997215,1
39625.286497,4,0,0,997162,1
39626.357162,4,0,0,997186,1
39632.046552,4,0,0,997177,1
39632.162569,4,0,0,997166,1
39632.553405,4,0,0,997187,1
39644.204924,4,0,0,997615,1
39645.362328,4,0,0,997605,1
39648.583951,4,0,0,997719,1
39652.123434,4,0,0,997671,1
39653.103429,4,0,0,997681,1
39657.359410,4,0,0,997778,1
39658.806965,4,0,0,997846,1
39663.903948,4,0,0,998092,1
39665.325414,4,0,0,998064,1
39668.033370,4,0,0,998074,1
39671.353882,4,0,0,998202,1
39671.447458,4,0,0,998222,1
39671.997262,4,0,0,998191,1
39672.439891,4,0,0,998192,1
39675.300767,4,0,0,998282,1
39678.986907,4,0,0,998406,1
39696.971425,4,0,0,998242,1
39698.993540,4,0,0,998271,1
39699.935467,4,0,0,998165,1
39716.269242,4,0,0,998403,1
39719.935559,4,0,0,998579,1
39735.650243,4,0,0,998392,1
39737.721970,4,0,0,998381,1
39738.091853,4,0,0,998338,1
39740.984481,4,0,0,998305,1
39759.429426,4,0,0,998458,1
39759.784246,4,0,0,998476,1
39762.871757,4,0,0,998518,1
39771.901839,4,0,0,998327,1
39773.034565,4,0,0,998285,1
39780.543881,4,0,0,998555,1
39780.863353,4,0,0,998562,1
39782.669834,4,0,0,998537,1
39783.564370,4,0,0,998551,1
39801.074710,4,0,0,998463,1
39805.537185,4,0,0,998489,1
39807.100270,4,0,0,998445,1
39819.323849,4,0,0,998351,1
39823.182033,4,0,0,998206,1
39825.286010,4,0,0,998337,1
39831.181986,4,0,0,998436,1
39836.554213,4,0,0,998519,1
39852.216223,4,0,0,998721,1
39852.518189,4,0,0,998718,1
39862.544629,4,0,0,998565,1
39867.587965,4,0,0,998633,1
39868.384781,4,0,0,998665,1
39870.887495,4,0,0,998712,1
39871.167384,4,0,0,998702,1
39880.938451,4,0,0,998485,1
39881.443230,4,0,0,998515,1
39882.626453,4,0,0,998539,1
39888.521781,4,0,0,998544,1
39895.362570,4,0,0,998527,1
39896.532070,4,0,0,998522,1
39897.338632,4,0,0,998499,1
39897.460506,4,0,0,998473,1
39897.858477,4,0,0,998471,1
39908.087973,4,0,0,998422,1
39909.031453,4,0,0,998440,1
39911.501798,4,0,0,998421,1
39918.527585,4,0,0,998473,1
39938.025912,4,0,0,998247,1
39947.871438,4,0,0,998338,1
39960.113503,4,0,0,998724,1
39968.639849,4,0,0,998726,1
39970.690577,4,0,0,998775,1
39975.536656,4,0,0,998880,1
39981.409248,4,0,0,998934,1
39983.954048,4,0,0,998958,1
39988.374308,4,0,0,998802,1
40005.275607,4,0,0,998667,1
40007.165834,4,0,0,998776,1
40019.270291,4,0,0,998834,1
40040.153410,4,0,0,998921,1
40044.379819,4,0,0,999128,1
40056.165742,4,0,0,998855,1
40062.672648,4,0,0,999001,1
40068.735990,4,0,0,999092,1
40069.309942,4,0,0,999020,1
40075.865836,4,0,0,998951,1
40076.808350,4,0,0,998973,1
40083.570660,4,0,0,998894,1
40083.865305,4,0,0,998874,1
40093.844381,4,0,0,998988,1
40094.833398,4,0,0,998981,1
40104.168782,4,0,0,999027,1
40114.965831,4,0,0,999019,1
40115.482415,4,0,0,999025,1
40116.070855,4,0,0,999038,1
40133.724188,4,0,0,999531,1
40153.555386,4,0,0,999651,1
40154.039354,4,0,0,999627,1
40158.870148,4,0,0,999676,1
40161.073313,4,0,0,999699,1
40161.363858,4,0,0,999789,1
40170.488931,4,0,0,999587,1
40175.696275,4,0,0,999674,1
40175.994823,4,0,0,999682,1
40178.881370,4,0,0,999816,1
40181.377595,4,0,0,999739,1
40201.449968,4,0,0,999493,1
40226.365161,4,0,0,999619,1
40227.593466,4,0,0,999667,1
40234.476808,4,0,0,999735,1
40239.672144,4,0,0,999815,1
40242.395467,4,0,0,999815,1
40246.494261,4,0,0,999922,1
40249.017935,4,0,0,999936,1
40249.209228,4,0,0,999926,1
40255.929829,4,0,0,1000125,1
40263.520918,4,0,0,1000016,1
40276.595028,4,0,0,999744,1
40280.114199,4,0,0,999712,1
40280.443603,4,0,0,999708,1
40292.932150,4,0,0,999715,1
40294.314026,4,0,0,999699,1
40294.989796,4,0,0,999716,1
40295.740058,4,0,0,999702,1
40300.015489,4,0,0,999619,1
40302.384201,4,0,0,999730,1
40308.269030,4,0,0,999718,1
40308.685125,4,0,0,999753,1
40308.764476,4,0,0,999756,1
40324.182369,4,0,0,999873,1
40324.637344,4,0,0,999925,1
40326.664482,4,0,0,999796,1
40326.755136,4,0,0,999813,1
40337.030036,4,0,0,999838,1
40345.998672,4,0,0,999981,1
40350.243634,4,0,0,999940,1
40351.069244,4,0,0,999942,1
40358.798755,4,0,0,999931,1
40359.133538,4,0,0,999899,1
40362.053411,4,0,0,999898,1
40363.867641,4,0,0,1000022,1
40391.856048,4,0,0,1000392,1
40410.044053,4,0,0,1000710,1
40418.544448,4,0,0,1000685,1
40421.411320,4,0,0,1000673,1
40424.749484,4,0,0,1000636,1
40428.583321,4,0,0,1000439,1
40432.497034,4,0,0,1000420,1
40433.457802,4,0,0,1000384,1
40434.532094,4,0,0,1000431,1
40440.385905,4,0,0,1000550,1
40449.333388,4,0,0,1000625,1
40464.661521,4,0,0,1000466,1
40471.500003,4,0,0,1000396,1
40475.368503,4,0,0,1000533,1
40475.796132,4,0,0,1000544,1
40476.223539,4,0,0,1000577,1
40477.014895,4,0,0,1000558,1
40482.869431,4,0,0,1000681,1
40484.427501,4,0,0,1000663,1
40487.058171,4,0,0,1000626,1
40487.848643,4,0,0,1000639,1
40489.140499,4,0,0,1000600,1
40491.355517,4,0,0,1000517,1
40495.898650,4,0,0,1000667,1
40514.079365,4,0,0,1000832,1
40514.729606,4,0,0,1000814,1
40516.388815,4,0,0,1000814,1
40543.564951,4,0,0,1001132,1
40553.826118,4,0,0,1001059,1
40568.705103,4,0,0,1000606,1
40572.305420,4,0,0,1000825,1
40573.590709,4,0,0,1000743,1
40574.666089,4,0,0,1000720,1
40582.452757,4,0,0,1000422,1
40595.261636,4,0,0,1000044,1
40599.847851,4,0,0,1000085,1
40605.391072,4,0,0,999938,1
40615.675492,4,0,0,1000053,1
40617.097743,4,0,0,1000045,1
40621.261214,4,0,0,1000033,1
40625.258345,4,0,0,1000100,1
40637.507206,4,0,0,1000229,1
40639.377200,4,0,0,1000324,1
40640.087044,4,0,0,1000267,1
40640.610753,4,0,0,1000241,1
40642.201668,4,0,0,1000285,1
40642.522854,4,0,0,1000307,1
40644.271285,4,0,0,1000274,1
40648.400956,4,0,0,1000153,1
40651.223542,4,0,0,1000157,1
40656.177158,4,0,0,999830,1
40659.726196,4,0,0,999677,1
40666.485085,4,0,0,999833,1
40669.365118,4,0,0,999728,1
40676.468811,4,0,0,1000009,1
40679.538553,4,0,0,1000023,1
40685.730588,4,0,0,1000065,1
40692.860623,4,0,0,1000433,1
40702.069255,4,0,0,1000580,1
40702.908838,4,0,0,1000566,1
40709.050345,4,0,0,1000503,1
40709.103121,4,0,0,1000496,1
40711.544313,4,0,0,1000337,1
40715.529920,4,0,0,1000378,1
40715.673093,4,0,0,1000379,1
40715.860217,4,0,0,1000364,1
40717.167432,4,0,0,1000415,1
40719.264490,4,0,0,1000374,1
40725.026610,4,0,0,1000168,1
40726.037399,4,0,0,1000113,1
40728.449251,4,0,0,1000111,1
40739.717175,4,0,0,1000174,1
40741.579233,4,0,0,1000303,1
40748.515247,4,0,0,1000255,1
40752.725943,4,0,0,1000310,1
40752.987763,4,0,0,1000336,1
40770.208856,4,0,0,1000473,1
40770.767465,4,0,0,1000484,1
40772.766208,4,0,0,1000403,1
40787.271578,4,0,0,1000339,1
40788.603897,4,0,0,1000463,1
40802.859541,4,0,0,1000506,1
40808.023343,4,0,0,1000503,1
40809.043783,4,0,0,1000444,1
40809.771664,4,0,0,1000454,1
40828.988047,4,0,0,1000844,1
40831.831013,4,0,0,1000793,1
40838.098439,4,0,0,1000680,1
40838.779262,4,0,0,1000676,1
40842.157777,4,0,0,1000630,1
40842.632576,4,0,0,1000607,1
40845.909043,4,0,0,1000802,1
40845.956230,4,0,0,1000809,1
40846.160269,4,0,0,1000776,1
40857.890818,4,0,0,1000767,1
40868.423458,4,0,0,1000916,1
40875.502251,4,0,0,1000875,1
40879.106603,4,0,0,1000949,1
40879.976294,4,0,0,1000894,1
40886.382453,4,0,0,1000957,1
40887.534072,4,0,0,1000952,1
40887.819758,4,0,0,1000965,1
40889.632959,4,0,0,1000959,1
40893.842924,4,0,0,1000888,1
40898.010419,4,0,0,1000925,1
40906.515635,4,0,0,1000990,1
40908.893672,4,0,0,1001037,1
40909.668391,4,0,0,1000974,1
40909.862230,4,0,0,1000962,1
40910.917001,4,0,0,1000948,1
40923.925353,4,0,0,1000896,1
40924.106656,4,0,0,1000887,1
40928.967128,4,0,0,1000894,1
40931.708573,4,0,0,1001003,1
40932.698436,4,0,0,1001086,1
40938.051643,4,0,0,1001216,1
40942.370055,4,0,0,1001269,1
40942.700759,4,0,0,1001173,1
40947.912771,4,0,0,1001095,1
40948.292669,4,0,0,1001110,1
40949.503274,4,0,0,1001057,1
40953.533354,4,0,0,1001166,1
40959.555746,4,0,0,1001081,1
40963.683278,4,0,0,1001093,1
40974.579453,4,0,0,1001019,1
40980.340462,4,0,0,1001048,1
40997.105529,4,0,0,1000755,1
40998.638272,4,0,0,1000734,1
41018.658943,4,0,0,1000549,1
41019.693172,4,0,0,1000491,1
41020.716061,4,0,0,1000406,1
41021.722011,4,0,0,1000453,1
41022.322508,4,0,0,1000407,1
41027.017777,4,0,0,1000483,1
41027.039471,4,0,0,1000481,1
41034.917055,4,0,0,1000543,1
41039.285471,4,0,0,1000537,1
41041.009996,4,0,0,1000530,1
41051.598356,4,0,0,1000322,1
41060.443257,4,0,0,1000712,1
41065.218057,4,0,0,1000820,1
41065.594077,4,0,0,1000848,1
41081.596310,4,0,0,1000403,1
41086.204224,4,0,0,1000325,1
41096.931280,4,0,0,1000202,1
41097.781704,4,0,0,1000206,1
41097.913378,4,0,0,1000192,1
41099.612884,4,0,0,1000228,1
41106.931520,4,0,0,1000236,1
41115.218627,4,0,0,1000344,1
41125.745360,4,0,0,1000520,1
41127.823413,4,0,0,1000455,1
41135.970206,4,0,0,1000360,1
41136.775365,4,0,0,1000315,1
41140.587695,4,0,0,1000389,1
41140.836109,4,0,0,1000384,1
41146.921042,4,0,0,1000323,1
41149.069327,4,0,0,1000224,1
41149.614984,4,0,0,1000233,1
41154.841677,4,0,0,1000224,1
41157.495217,4,0,0,1000226,1
41159.333622,4,0,0,1000196,1
41161.504285,4,0,0,1000084,1
41168.425524,4,0,0,1000242,1
41170.930765,4,0,0,1000236,1
41181.095662,4,0,0,1000270,1
41181.887648,4,0,0,1000233,1
41184.226800,4,0,0,1000329,1
41193.946789,4,0,0,1000194,1
41198.293086,4,0,0,1000139,1
41204.461802,4,0,0,1000023,1
41213.236907,4,0,0,999855,1
41216.796266,4,0,0,999921,1
41217.425009,4,0,0,999899,1
41219.291246,4,0,0,999823,1
41220.763171,4,0,0,999808,1
41221.570013,4,0,0,999791,1
41226.014895,4,0,0,999789,1
41227.164283,4,0,0,999753,1
41236.621774,4,0,0,999786,1
41239.523864,4,0,0,999640,1
41247.277782,4,0,0,999509,1
41256.231195,4,0,0,999612,1
41261.390996,4,0,0,999702,1
41269.559628,4,0,0,999445,1
41277.007788,4,0,0,999492,1
41281.146175,4,0,0,999483,1
41283.040897,4,0,0,999557,1
41285.581382,4,0,0,999469,1
41287.310737,4,0,0,999489,1
41290.472852,4,0,0,999559,1
41292.936351,4,0,0,999448,1
41294.868579,4,0,0,999397,1
41295.435345,4,0,0,999429,1
41297.985189,4,0,0,999407,1
41298.704578,4,0,0,999441,1
41300.866925,4,0,0,999449,1
41301.411049,4,0,0,999395,1
41303.721080,4,0,0,999399,1
41307.408966,4,0,0,999433,1
41307.779121,4,0,0,999413,1
41309.198122,4,0,0,999470,1
41311.856173,4,0,0,999360,1
41313.377799,4,0,0,999353,1
41317.336183,4,0,0,999318,1
41325.303241,4,0,0,999204,1
41332.595206,4,0,0,999009,1
41333.713193,4,0,0,998899,1
41334.771833,4,0,0,998833,1
41338.675377,4,0,0,998814,1
41340.859174,4,0,0,998768,1
41341.088546,4,0,0,998763,1
41342.348029,4,0,0,998747,1
41358.304155,4,0,0,998669,1
41375.077695,4,0,0,998729,1
41377.186921,4,0,0,998787,1
41377.390878,4,0,0,998751,1
41385.080992,4,0,0,998789,1
41386.655622,4,0,0,998683,1
41386.909987,4,0,0,998736,1
41388.250342,4,0,0,998680,1
41389.039912,4,0,0,998661,1
41400.546066,4,0,0,998815,1
41401.582432,4,0,0,998833,1
41408.196291,4,0,0,998954,1
41408.925502,4,0,0,999011,1
41409.305071,4,0,0,999000,1
41411.524747,4,0,0,999144,1
41416.027103,4,0,0,999075,1
41419.649851,4,0,0,999047,1
41428.451542,4,0,0,999180,1
41431.192336,4,0,0,998986,1
41435.713610,4,0,0,998919,1
41436.007444,4,0,0,998912,1
41442.543684,4,0,0,999019,1
41448.222924,4,0,0,998938,1
41456.209767,4,0,0,999062,1
41456.735842,4,0,0,999023,1
41459.698817,4,0,0,999106,1
41464.775223,4,0,0,999194,1
41464.815086,4,0,0,999188,1
41473.921427,4,0,0,999152,1
41482.137269,4,0,0,999131,1
41485.576240,4,0,0,999096,1
41487.605963,4,0,0,999055,1
41493.847770,4,0,0,999227,1
41504.383833,4,0,0,999304,1
41507.644452,4,0,0,999344,1
41517.992038,4,0,0,999106,1
41518.756340,4,0,0,999103,1
41520.676348,4,0,0,999178,1
41526.724458,4,0,0,999197,1
41528.857214,4,0,0,999158,1
41532.389656,4,0,0,999150,1
41537.473633,4,0,0,999242,1
41541.726518,4,0,0,999226,1
41544.398334,4,0,0,999054,1
41545.122161,4,0,0,999020,1
41547.654908,4,0,0,999032,1
41548.881581,4,0,0,998945,1
41556.883976,4,0,0,998952,1
41564.344752,4,0,0,999022,1
41565.504629,4,0,0,999140,1
41569.686413,4,0,0,999290,1
41574.842725,4,0,0,999336,1
41577.511747,4,0,0,999191,1
41577.941085,4,0,0,999200,1
41584.125572,4,0,0,999024,1
41584.551899,4,0,0,998989,1
41590.016939,4,0,0,999122,1
41590.417387,4,0,0,999096,1
41594.691442,4,0,0,999167,1
41596.243320,4,0,0,999179,1
41598.718095,4,0,0,999251,1
41619.088394,4,0,0,999236,1
41633.435016,4,0,0,999224,1
41637.553476,4,0,0,999381,1
41643.132365,4,0,0,999467,1
41650.944679,4,0,0,999525,1
41657.013185,4,0,0,999532,1
41657.680037,4,0,0,999555,1
41660.605152,4,0,0,999547,1
41669.176417,4,0,0,999646,1
41675.760331,4,0,0,999642,1
41677.057753,4,0,0,999545,1
41686.556228,4,0,0,999303,1
41691.091902,4,0,0,999237,1
41692.701123,4,0,0,999365,1
41692.983253,4,0,0,999402,1
41699.460473,4,0,0,999362,1
41702.186885,4,0,0,999299,1
41719.697177,4,0,0,999225,1
41721.166936,4,0,0,999214,1
41721.506678,4,0,0,999249,1
41722.867118,4,0,0,999217,1
41725.340952,4,0,0,999104,1
41725.521504,4,0,0,999093,1
41727.868962,4,0,0,999004,1
41729.201767,4,0,0,999093,1
41751.337632,4,0,0,999098,1
41752.236884,4,0,0,999104,1
41761.128579,4,0,0,999112,1
41762.007339,4,0,0,999022,1
41766.147360,4,0,0,999053,1
41771.291799,4,0,0,999117,1
41774.951059,4,0,0,999084,1
41788.943381,4,0,0,999175,1
41791.647976,4,0,0,999151,1
41796.677082,4,0,0,999147,1
41806.425596,4,0,0,999289,1
41807.699636,4,0,0,999267,1
41811.431929,4,0,0,999322,1
41831.253056,4,0,0,999376,1
41838.101314,4,0,0,999388,1
41843.960692,4,0,0,999336,1
41846.335767,4,0,0,999285,1
41855.443067,4,0,0,999302,1
41864.207926,4,0,0,999493,1
41866.962283,4,0,0,999530,1
41871.003443,4,0,0,999657,1
41876.438281,4,0,0,999669,1
41883.871848,4,0,0,999468,1
41886.690883,4,0,0,999572,1
41888.617256,4,0,0,999572,1
41889.337635,4,0,0,999620,1
41895.451249,4,0,0,999724,1
41902.023143,4,0,0,999844,1
41903.045976,4,0,0,999869,1
41912.350807,4,0,0,999435,1
41913.200963,4,0,0,999475,1
41921.586710,4,0,0,999533,1
41922.246708,4,0,0,999565,1
41927.158982,4,0,0,999674,1
41930.664709,4,0,0,999711,1
41931.351364,4,0,0,999740,1
41937.356423,4,0,0,999573,1
41944.323743,4,0,0,999600,1
41954.908753,4,0,0,999736,1
41958.149050,4,0,0,999801,1
41961.637211,4,0,0,999725,1
41966.717701,4,0,0,999528,1
41978.062173,4,0,0,999448,1
41980.359688,4,0,0,999456,1
41985.788755,4,0,0,999498,1
41990.082867,4,0,0,999675,1
41991.035363,4,0,0,999737,1
41996.574229,4,0,0,999660,1
42005.725305,4,0,0,999772,1
42008.767088,4,0,0,999741,1
42023.151132,4,0,0,999916,1
42026.972687,4,0,0,999857,1
42037.227681,4,0,0,1000081,1
42044.027176,4,0,0,1000020,1
42046.565832,4,0,0,999995,1
42048.316309,4,0,0,999937,1
42050.727687,4,0,0,1000005,1
42052.745950,4,0,0,1000013,1
42052.975784,4,0,0,1000023,1
42053.080298,4,0,0,1000036,1
42055.524448,4,0,0,999974,1
42056.519382,4,0,0,1000058,1
42065.589930,4,0,0,1000189,1
42081.439205,4,0,0,1000259,1
42083.057806,4,0,0,1000262,1
42089.072924,4,0,0,1000240,1
42091.254875,4,0,0,1000204,1
42100.765352,4,0,0,1000361,1
42103.563022,4,0,0,1000381,1
42116.985033,4,0,0,1000397,1
42122.126365,4,0,0,1000342,1
42122.666843,4,0,0,1000349,1
42123.316691,4,0,0,1000432,1
42125.840905,4,0,0,1000473,1
42129.928478,4,0,0,1000278,1
42133.452145,4,0,0,1000068,1
42142.941608,4,0,0,1000193,1
42142.966206,4,0,0,1000182,1
42143.579059,4,0,0,1000195,1
42145.431271,4,0,0,1000240,1
42154.496578,4,0,0,1000358,1
42154.515684,4,0,0,1000372,1
42158.158804,4,0,0,1000340,1
42158.163117,4,0,0,1000340,1
42161.881142,4,0,0,1000289,1
42165.000611,4,0,0,1000180,1
42165.673584,4,0,0,1000149,1
42169.871788,4,0,0,1000305,1
42174.498547,4,0,0,1000470,1
42177.379919,4,0,0,1000406,1
42185.019287,4,0,0,1000529,1
42185.315319,4,0,0,1000525,1
42187.205898,4,0,0,1000590,1
42190.333689,4,0,0,1000517,1
42192.243341,4,0,0,1000542,1
42192.859543,4,0,0,1000549,1
42193.441537,4,0,0,1000517,1
42200.547434,4,0,0,1000454,1
42202.032703,4,0,0,1000427,1
42207.237895,4,0,0,1000438,1
42216.201039,4,0,0,1000703,1
42217.850440,4,0,0,1000808,1
42218.838564,4,0,0,1000890,1
42222.909619,4,0,0,1000958,1
42230.624325,4,0,0,1001105,1
42232.697675,4,0,0,1001038,1
42241.393874,4,0,0,1001061,1
42260.162676,4,0,0,1001328,1
42265.234718,4,0,0,1001377,1
42275.963268,4,0,0,1001285,1
42276.423188,4,0,0,1001303,1
42278.699931,4,0,0,1001325,1
42288.301514,4,0,0,1001368,1
42294.556310,4,0,0,1001311,1
42295.048849,4,0,0,1001337,1
42296.310532,4,0,0,1001331,1
42298.236767,4,0,0,1001282,1
42302.945252,4,0,0,1001290,1
42309.523935,4,0,0,1001375,1
42312.673433,4,0,0,1001502,1
42312.804670,4,0,0,1001523,1
42322.651123,4,0,0,1001263,1
42335.453108,4,0,0,1001473,1
42337.594042,4,0,0,1001520,1
42345.529847,4,0,0,1001600,1
42349.058462,4,0,0,1001737,1
42352.152499,4,0,0,1001892,1
42365.159414,4,0,0,1002031,1
42365.198227,4,0,0,1002030,1
42367.785210,4,0,0,1001993,1
42369.069878,4,0,0,1002010,1
42372.088597,4,0,0,1002052,1
42375.108370,4,0,0,1002001,1
42376.131751,4,0,0,1002093,1
42380.241665,4,0,0,1002260,1
42382.607786,4,0,0,1002334,1
42395.741081,4,0,0,1002701,1
42408.889281,4,0,0,1002884,1
42411.191999,4,0,0,1002864,1
42417.923339,4,0,0,1002994,1
42422.579957,4,0,0,1003223,1
42424.802685,4,0,0,1003212,1
42426.258993,4,0,0,1003141,1
42438.492141,4,0,0,1003328,1
42439.494720,4,0,0,1003247,1
42446.948960,4,0,0,1003121,1
42453.657151,4,0,0,1003180,1
42454.773197,4,0,0,1003163,1
42457.004085,4,0,0,1003298,1
42459.836125,4,0,0,1003306,1
42463.149856,4,0,0,1003372,1
42467.532877,4,0,0,1003497,1
42469.591820,4,0,0,1003507,1
42473.951611,4,0,0,1003569,1
42476.704419,4,0,0,1003425,1
42491.046331,4,0,0,1003824,1
42496.679195,4,0,0,1003842,1
42500.197598,4,0,0,1003824,1
42504.155279,4,0,0,1003768,1
42504.706138,4,0,0,1003778,1
42506.246648,4,0,0,1003744,1
42512.094949,4,0,0,1003775,1
42532.052872,4,0,0,1003638,1
42533.777592,4,0,0,1003546,1
42556.168941,4,0,0,1003372,1
42558.244427,4,0,0,1003315,1
42561.135435,4,0,0,1003350,1
42578.657326,4,0,0,1003381,1
42587.018844,4,0,0,1003310,1
42590.599890,4,0,0,1003343,1
42609.972424,4,0,0,1003209,1
42630.657176,4,0,0,1003204,1
42631.470802,4,0,0,1003191,1
42638.864552,4,0,0,1003249,1
42640.376777,4,0,0,1003195,1
42642.104818,4,0,0,1003186,1
42644.810426,4,0,0,1003184,1
42647.908873,4,0,0,1003088,1
42648.604282,4,0,0,1003091,1
42655.504049,4,0,0,1003086,1
42655.663892,4,0,0,1003105,1
42671.163657,4,0,0,1002892,1
42672.648425,4,0,0,1002804,1
42678.508732,4,0,0,1002611,1
42682.147243,4,0,0,1002633,1
42690.878327,4,0,0,1002558,1
42691.968720,4,0,0,1002507,1
42692.116082,4,0,0,1002512,1
42693.043344,4,0,0,1002553,1
42698.501539,4,0,0,1002775,1
42706.527925,4,0,0,1002953,1
42707.356169,4,0,0,1002923,1
42711.463273,4,0,0,1003071,1
42711.727385,4,0,0,1003052,1
42720.117709,4,0,0,1003114,1
42720.568714,4,0,0,1003140,1
42721.493276,4,0,0,1003070,1
42726.517694,4,0,0,1003086,1
42729.550884,4,0,0,1003095,1
42731.084435,4,0,0,1003230,1
42744.759312,4,0,0,1003121,1
42748.690998,4,0,0,1003197,1
42749.527535,4,0,0,1003189,1
42752.150601,4,0,0,1003196,1
42758.028673,4,0,0,1003085,1
42760.951083,4,0,0,1003169,1
42761.485531,4,0,0,1003215,1
42762.396659,4,0,0,1003272,1
42763.769317,4,0,0,1003172,1
42767.549209,4,0,0,1002993,1
42772.371543,4,0,0,1002986,1
42775.462977,4,0,0,1003086,1
42776.602982,4,0,0,1003129,1
42778.614393,4,0,0,1003111,1
42788.396521,4,0,0,1003006,1
42789.722100,4,0,0,1003103,1
42794.882719,4,0,0,1003265,1
42797.200660,4,0,0,1003210,1
42812.445020,4,0,0,1003200,1
42812.484153,4,0,0,1003199,1
42814.293470,4,0,0,1003339,1
42821.083594,4,0,0,1003432,1
42821.219436,4,0,0,1003452,1
42823.543004,4,0,0,1003386,1
42838.240411,4,0,0,1003440,1
42843.615093,4,0,0,1003428,1
42844.176889,4,0,0,1003434,1
42844.644085,4,0,0,1003448,1
42858.264430,4,0,0,1003436,1
42870.447179,4,0,0,1003254,1
42871.335225,4,0,0,1003309,1
42880.953816,4,0,0,1003165,1
42887.546329,4,0,0,1003065,1
42889.974149,4,0,0,1002923,1
42891.307200,4,0,0,1002944,1
42892.006780,4,0,0,1002949,1
42893.047298,4,0,0,1002916,1
42896.548237,4,0,0,1002836,1
42896.663133,4,0,0,1002839,1
42901.444330,4,0,0,1002808,1
42905.862304,4,0,0,1002703,1
42910.742906,4,0,0,1002755,1
42918.988617,4,0,0,1002888,1
42919.274174,4,0,0,1002898,1
42935.330527,4,0,0,1003073,1
42938.588163,4,0,0,1003096,1
42941.650407,4,0,0,1003232,1
42942.509388,4,0,0,1003274,1
42947.647666,4,0,0,1003237,1
42957.468506,4,0,0,1003411,1
42957.849421,4,0,0,1003423,1
42959.622953,4,0,0,1003390,1
42966.689511,4,0,0,1003302,1
42966.877915,4,0,0,1003296,1
42971.024629,4,0,0,1003099,1
42972.222421,4,0,0,1003058,1
42975.894498,4,0,0,1003013,1
42976.607995,4,0,0,1002949,1
42978.689705,4,0,0,1002887,1
42980.804856,4,0,0,1002817,1
42983.266968,4,0,0,1002698,1
43000.509476,4,0,0,1002678,1
43001.202757,4,0,0,1002687,1
43002.724934,4,0,0,1002709,1
43008.094721,4,0,0,1002844,1
43010.197900,4,0,0,1002832,1
43022.381441,4,0,0,1002754,1
43024.613823,4,0,0,1002756,1
43040.541127,4,0,0,1003011,1
43041.529342,4,0,0,1003090,1
43044.542232,4,0,0,1003043,1
43048.123741,4,0,0,1003082,1
43052.199663,4,0,0,1003068,1
43054.634739,4,0,0,1003114,1
43058.333331,4,0,0,1002881,1
43059.630678,4,0,0,1002858,1
43061.026816,4,0,0,1002748,1
43061.402712,4,0,0,1002652,1
43065.124189,4,0,0,1002691,1
43068.331904,4,0,0,1002610,1
43084.768100,4,0,0,1002878,1
43092.140819,4,0,0,1002988,1
43097.797599,4,0,0,1003140,1
43099.400585,4,0,0,1003193,1
43100.611186,4,0,0,1003168,1
43106.217803,4,0,0,1003214,1
43107.415226,4,0,0,1003131,1
43107.784772,4,0,0,1003095,1
43109.717554,4,0,0,1003130,1
43113.543857,4,0,0,1003306,1
43114.611677,4,0,0,1003318,1
43115.178318,4,0,0,1003275,1
43124.751065,4,0,0,1003266,1
43127.682911,4,0,0,1003319,1
43127.703276,4,0,0,1003326,1
43129.065269,4,0,0,1003336,1
43129.286101,4,0,0,1003377,1
43130.691894,4,0,0,1003441,1
43133.334669,4,0,0,1003475,1
43134.075809,4,0,0,1003460,1
43147.288954,4,0,0,1003900,1
43150.256153,4,0,0,1003862,1
43159.660271,4,0,0,1003816,1
43167.955821,4,0,0,1003685,1
43168.549071,4,0,0,1003695,1
43169.004675,4,0,0,1003637,1
43172.958854,4,0,0,1003691,1
43173.109150,4,0,0,1003660,1
43180.561591,4,0,0,1003749,1
43182.469955,4,0,0,1003648,1
43188.535805,4,0,0,1003488,1
43189.556340,4,0,0,1003448,1
43191.397086,4,0,0,1003459,1
43196.344576,4,0,0,1003430,1
43197.568607,4,0,0,1003372,1
43198.670273,4,0,0,1003361,1
43200.737368,4,0,0,1003399,1
43200.775416,4,0,0,1003381,1
43206.590023,4,0,0,1003532,1
43207.165133,4,0,0,1003529,1
43208.436017,4,0,0,1003377,1
43208.739922,4,0,0,1003381,1
43211.556166,4,0,0,1003362,1
43213.077462,4,0,0,1003332,1
43216.534245,4,0,0,1003298,1
43221.900509,4,0,0,1003246,1
43222.933916,4,0,0,1003284,1
43224.862040,4,0,0,1003296,1
43228.824845,4,0,0,1003357,1
43230.144502,4,0,0,1003344,1
43241.928496,4,0,0,1003566,1
43242.118209,4,0,0,1003563,1
43242.893585,4,0,0,1003588,1
43244.560091,4,0,0,1003578,1
43250.022260,4,0,0,1003561,1
43250.474554,4,0,0,1003591,1
43260.856931,4,0,0,1003728,1
43272.091391,4,0,0,1003739,1
43277.075091,4,0,0,1003754,1
43279.391385,4,0,0,1003728,1
43280.950099,4,0,0,1003769,1
43282.962803,4,0,0,1003795,1
43293.086654,4,0,0,1003931,1
43296.702543,4,0,0,1003953,1
43309.304322,4,0,0,1003954,1
43312.613614,4,0,0,1004032,1
43313.743027,4,0,0,1004026,1
43314.222631,4,0,0,1004052,1
43319.558679,4,0,0,1004171,1
43321.221318,4,0,0,1004266,1
43326.022625,4,0,0,1004288,1
43338.791033,4,0,0,1004340,1
43338.874891,4,0,0,1004354,1
43339.142082,4,0,0,1004358,1
43341.090366,4,0,0,1004400,1
43342.849895,4,0,0,1004413,1
43345.189685,4,0,0,1004414,1
43347.999709,4,0,0,1004360,1
43350.529302,4,0,0,1004377,1
43351.009727,4,0,0,1004400,1
43352.946430,4,0,0,1004423,1
43353.559424,4,0,0,1004416,1
43354.673665,4,0,0,1004434,1
43358.988107,4,0,0,1004597,1
43359.230299,4,0,0,1004599,1
43360.862845,4,0,0,1004565,1
43365.219318,4,0,0,1004747,1
43366.700366,4,0,0,1004724,1
43370.215110,4,0,0,1004872,1
43373.009901,4,0,0,1004927,1
43377.598377,4,0,0,1004797,1
43386.485958,4,0,0,1004787,1
43388.071313,4,0,0,1004782,1
43398.323499,4,0,0,1004764,1
43403.293032,4,0,0,1004750,1
43405.822568,4,0,0,1004813,1
43413.503186,4,0,0,1004881,1
43416.220587,4,0,0,1005005,1
43421.522338,4,0,0,1004998,1
43431.414575,4,0,0,1005008,1
43433.274639,4,0,0,1005065,1
43436.317575,4,0,0,1005073,1
43438.771334,4,0,0,1005055,1
43439.360988,4,0,0,1005074,1
43439.886862,4,0,0,1005046,1
43440.413946,4,0,0,1005013,1
43450.322013,4,0,0,1004967,1
43461.120130,4,0,0,1005081,1
43463.105534,4,0,0,1005151,1
43473.423428,4,0,0,1005020,1
43486.907117,4,0,0,1004951,1
43493.720441,4,0,0,1005016,1
43495.007818,4,0,0,1005040,1
43500.580747,4,0,0,1004964,1
43502.062181,4,0,0,1005027,1
43511.485295,4,0,0,1005005,1
43523.732927,4,0,0,1005011,1
43544.455790,4,0,0,1004894,1
43550.827099,4,0,0,1005049,1
43552.124251,4,0,0,1005117,1
43560.163239,4,0,0,1005102,1
43561.335748,4,0,0,1005176,1
43561.924475,4,0,0,1005220,1
43562.695654,4,0,0,1005256,1
43564.089443,4,0,0,1005262,1
43568.287167,4,0,0,1005362,1
43576.230812,4,0,0,1005287,1
43577.625523,4,0,0,1005266,1
43581.535127,4,0,0,1005253,1
43591.784406,4,0,0,1005360,1
43594.760843,4,0,0,1005478,1
43594.975105,4,0,0,1005439,1
43598.739128,4,0,0,1005438,1
43611.048722,4,0,0,1005320,1
43613.542571,4,0,0,1005365,1
43615.593655,4,0,0,1005277,1
43618.753008,4,0,0,1005437,1
43622.467748,4,0,0,1005391,1
43622.871622,4,0,0,1005438,1
43626.086289,4,0,0,1005335,1
43627.399624,4,0,0,1005368,1
43632.407229,4,0,0,1005553,1
43635.993433,4,0,0,1005677,1
43640.004532,4,0,0,1005572,1
43647.546732,4,0,0,1005420,1
43651.118121,4,0,0,1005280,1
43652.739071,4,0,0,1005312,1
43653.278064,4,0,0,1005260,1
43653.694272,4,0,0,1005321,1
43655.953095,4,0,0,1005384,1
43657.884281,4,0,0,1005488,1
43659.585974,4,0,0,1005461,1
43666.179105,4,0,0,1005441,1
43670.526219,4,0,0,1005448,1
43684.259189,4,0,0,1005197,1
43684.945594,4,0,0,1005143,1
43685.679173,4,0,0,1005152,1
43688.034831,4,0,0,1005125,1
43698.727721,4,0,0,1005117,1
43706.065509,4,0,0,1004963,1
43709.006990,4,0,0,1005017,1
43725.268734,4,0,0,1005285,1
43726.137322,4,0,0,1005304,1
43731.784712,4,0,0,1005247,1
43742.565492,4,0,0,1005379,1
43753.249435,4,0,0,1005511,1
43754.068796,4,0,0,1005523,1
43755.214251,4,0,0,1005475,1
43768.489534,4,0,0,1005122,1
43784.670902,4,0,0,1005482,1
43787.722052,4,0,0,1005523,1
43788.264258,4,0,0,1005511,1
43797.776526,4,0,0,1005400,1
43813.422190,4,0,0,1004934,1
43814.092858,4,0,0,1004978,1
43814.127002,4,0,0,1004977,1
43818.489708,4,0,0,1005007,1
43832.254947,4,0,0,1004981,1
43834.591653,4,0,0,1004975,1
43836.062797,4,0,0,1005006,1
43839.216663,4,0,0,1004890,1
43841.799747,4,0,0,1004837,1
43843.498589,4,0,0,1004872,1
43852.038691,4,0,0,1005035,1
43863.343472,4,0,0,1005097,1
43864.446299,4,0,0,1005123,1
43864.589590,4,0,0,1005106,1
43868.598186,4,0,0,1005040,1
43872.956680,4,0,0,1005067,1
43874.047440,4,0,0,1005074,1
43874.371312,4,0,0,1005069,1
43875.082133,4,0,0,1005069,1
43876.912492,4,0,0,1004961,1
43878.665229,4,0,0,1004857,1
43879.069184,4,0,0,1004877,1
43881.189322,4,0,0,1004879,1
43888.605358,4,0,0,1004770,1
43889.789974,4,0,0,1004786,1
43890.003805,4,0,0,1004866,1
43892.546498,4,0,0,1004817,1
43893.921631,4,0,0,1004839,1
43898.969802,4,0,0,1004833,1
43901.212673,4,0,0,1004790,1
43916.335643,4,0,0,1004639,1
43923.076773,4,0,0,1004780,1
43929.030625,4,0,0,1004714,1
43929.285735,4,0,0,1004670,1
43931.052741,4,0,0,1004787,1
43934.305218,4,0,0,1004729,1
43945.411416,4,0,0,1004852,1
43959.853924,4,0,0,1004899,1
43959.870445,4,0,0,1004897,1
43964.510716,4,0,0,1005081,1
43976.691780,4,0,0,1004913,1
43982.452967,4,0,0,1004946,1
43989.894046,4,0,0,1005004,1
43990.597328,4,0,0,1004942,1
43992.640624,4,0,0,1004882,1
43992.848874,4,0,0,1004901,1
43994.595338,4,0,0,1005034,1
44004.063781,4,0,0,1005133,1
44008.068280,4,0,0,1004898,1
44024.111821,4,0,0,1005113,1
44024.269058,4,0,0,1005081,1
44027.502737,4,0,0,1004998,1
44032.460552,4,0,0,1004992,1
44032.481274,4,0,0,1004994,1
44035.758971,4,0,0,1004978,1
44036.062835,4,0,0,1004970,1
44040.475005,4,0,0,1005219,1
44048.786804,4,0,0,1005003,1
44052.155810,4,0,0,1005027,1
44061.185146,4,0,0,1005182,1
44065.731447,4,0,0,1005254,1
44067.777430,4,0,0,1005135,1
44077.453748,4,0,0,1005344,1
44080.599413,4,0,0,1005460,1
44087.628080,4,0,0,1005344,1
44094.080924,4,0,0,1005254,1
44096.912902,4,0,0,1005368,1
44100.305012,4,0,0,1005382,1
44105.117254,4,0,0,1005268,1
44115.588451,4,0,0,1005342,1
44116.505378,4,0,0,1005301,1
44141.582689,4,0,0,1005024,1
44142.119918,4,0,0,1004945,1
44142.844053,4,0,0,1004961,1
44142.929973,4,0,0,1004948,1
44143.881937,4,0,0,1004900,1
44150.900374,4,0,0,1004832,1
44157.116590,4,0,0,1004926,1
44167.654863,4,0,0,1004903,1
44173.331979,4,0,0,1005008,1
44176.861644,4,0,0,1004994,1
44177.959332,4,0,0,1005052,1
44184.913494,4,0,0,1005270,1
44192.379362,4,0,0,1005265,1
44194.358670,4,0,0,1005259,1
44196.988404,4,0,0,1005122,1
44200.651780,4,0,0,1005067,1
44200.869937,4,0,0,1005107,1
44207.456871,4,0,0,1005196,1
44211.186040,4,0,0,1005035,1
44211.293806,4,0,0,1005018,1
44212.739697,4,0,0,1004979,1
44214.782888,4,0,0,1004980,1
44221.507091,4,0,0,1004986,1
44222.967867,4,0,0,1004982,1
44232.491607,4,0,0,1005038,1
44232.860719,4,0,0,1005037,1
44233.282768,4,0,0,1005017,1
44252.438473,4,0,0,1005056,1
44257.806391,4,0,0,1004744,1
44264.376752,4,0,0,1004619,1
44278.058336,4,0,0,1004585,1
44279.454849,4,0,0,1004621,1
44286.942927,4,0,0,1004698,1
44289.231885,4,0,0,1004794,1
44296.470319,4,0,0,1004948,1
44303.808232,4,0,0,1004973,1
44303.953362,4,0,0,1004975,1
44304.645896,4,0,0,1004998,1
44306.762622,4,0,0,1004959,1
44310.412109,4,0,0,1004914,1
44322.568677,4,0,0,1004944,1
44324.425701,4,0,0,1004868,1
44324.557202,4,0,0,1004871,1
44333.975243,4,0,0,1004906,1
44339.842144,4,0,0,1005078,1
44345.413024,4,0,0,1004927,1
44347.893318,4,0,0,1004878,1
44360.157549,4,0,0,1005084,1
44360.917397,4,0,0,1005057,1
44365.586195,4,0,0,1005086,1
44376.924143,4,0,0,1004957,1
44376.962684,4,0,0,1004969,1
44380.313576,4,0,0,1004844,1
44388.701412,4,0,0,1004762,1
44390.493432,4,0,0,1004706,1
44393.386440,4,0,0,1004808,1
44417.148183,4,0,0,1004821,1
44421.990303,4,0,0,1004620,1
44422.291543,4,0,0,1004665,1
44425.972679,4,0,0,1004516,1
44431.172225,4,0,0,1004537,1
44438.674529,4,0,0,1004655,1
44438.863189,4,0,0,1004642,1
44441.827029,4,0,0,1004576,1
44444.837930,4,0,0,1004458,1
44445.977185,4,0,0,1004368,1
44460.362913,4,0,0,1004844,1
44460.623332,4,0,0,1004870,1
44470.720182,4,0,0,1005060,1
44472.132487,4,0,0,1004953,1
44476.849501,4,0,0,1004886,1
44489.768605,4,0,0,1004623,1
44496.466323,4,0,0,1004714,1
44507.608571,4,0,0,1005007,1
44513.162665,4,0,0,1004924,1
44518.262626,4,0,0,1004832,1
44522.129110,4,0,0,1004964,1
44528.533352,4,0,0,1004810,1
44528.981178,4,0,0,1004830,1
44530.202270,4,0,0,1004798,1
44532.440457,4,0,0,1004852,1
44532.686681,4,0,0,1004838,1
44533.518871,4,0,0,1004764,1
44539.675271,4,0,0,1004783,1
44541.975189,4,0,0,1004664,1
44544.267884,4,0,0,1004696,1
44550.310310,4,0,0,1004929,1
44552.890272,4,0,0,1005031,1
44564.535508,4,0,0,1004785,1
44566.015287,4,0,0,1004684,1
44572.489777,4,0,0,1004349,1
44578.365833,4,0,0,1004218,1
44591.606743,4,0,0,1003936,1
44593.016239,4,0,0,1003876,1
44608.302542,4,0,0,1004259,1
44610.449626,4,0,0,1004285,1
44610.475190,4,0,0,1004286,1
44612.137677,4,0,0,1004240,1
44613.053616,4,0,0,1004246,1
44616.666143,4,0,0,1004294,1
44616.808965,4,0,0,1004296,1
44617.610724,4,0,0,1004335,1
44632.281246,4,0,0,1004517,1
44636.528839,4,0,0,1004446,1
44640.820788,4,0,0,1004333,1
44645.015865,4,0,0,1004468,1
44651.078551,4,0,0,1004291,1
44652.676205,4,0,0,1004314,1
44658.804458,4,0,0,1004349,1
44668.183981,4,0,0,1004603,1
44671.764122,4,0,0,1004532,1
44672.425363,4,0,0,1004472,1
44678.685238,4,0,0,1004662,1
44684.454086,4,0,0,1004555,1
44696.196832,4,0,0,1004150,1
44696.565462,4,0,0,1004110,1
44702.069391,4,0,0,1004105,1
44702.489633,4,0,0,1004145,1
44703.542046,4,0,0,1004171,1
44716.340276,4,0,0,1004153,1
44725.531555,4,0,0,1004030,1
44742.942210,4,0,0,1004043,1
44744.874125,4,0,0,1004088,1
44747.510575,4,0,0,1004024,1
44760.422575,4,0,0,1004067,1
44773.335283,4,0,0,1004381,1
44773.827500,4,0,0,1004375,1
44773.981195,4,0,0,1004369,1
44774.975672,4,0,0,1004357,1
44778.459962,4,0,0,1004377,1
44778.770252,4,0,0,1004359,1
44785.532138,4,0,0,1004474,1
44790.069296,4,0,0,1004522,1
44792.217331,4,0,0,1004575,1
44796.540183,4,0,0,1004533,1
44810.064806,4,0,0,1004690,1
44810.503386,4,0,0,1004744,1
44815.712246,4,0,0,1004720,1
44823.261296,4,0,0,1004678,1
44835.175105,4,0,0,1004667,1
44836.127055,4,0,0,1004634,1
44843.010595,4,0,0,1004596,1
44847.330241,4,0,0,1004717,1
44851.466468,4,0,0,1004747,1
44857.093097,4,0,0,1004707,1
44857.246980,4,0,0,1004699,1
44860.064576,4,0,0,1004622,1
44860.266132,4,0,0,1004641,1
44873.259154,4,0,0,1004483,1
44884.024892,4,0,0,1004485,1
44890.556752,4,0,0,1004494,1
44896.156782,4,0,0,1004293,1
44898.887112,4,0,0,1004270,1
44903.325409,4,0,0,1004314,1
44908.744794,4,0,0,1004055,1
44909.025180,4,0,0,1004019,1
44922.288373,4,0,0,1004020,1
44930.625899,4,0,0,1003971,1
44930.964201,4,0,0,1003981,1
44934.935118,4,0,0,1004090,1
44939.691894,4,0,0,1004084,1
44940.241344,4,0,0,1004094,1
44941.029677,4,0,0,1004103,1
44950.789909,4,0,0,1003757,1
44953.215368,4,0,0,1003719,1
44956.426187,4,0,0,1003696,1
44961.615274,4,0,0,1003796,1
44967.025831,4,0,0,1003734,1
44968.748741,4,0,0,1003767,1
44971.161456,4,0,0,1003810,1
44972.995974,4,0,0,1003721,1
44974.229528,4,0,0,1003622,1
44984.164296,4,0,0,1003797,1
44987.591632,4,0,0,1003720,1
44993.689015,4,0,0,1003846,1
45000.574067,4,0,0,1003856,1
45005.709677,4,0,0,1003933,1
45019.511638,4,0,0,1003573,1
45023.879817,4,0,0,1003796,1
45027.804641,4,0,0,1003519,1
45030.669226,4,0,0,1003403,1
45031.345824,4,0,0,1003414,1
45039.725902,4,0,0,1003576,1
45045.463102,4,0,0,1003658,1
45045.923648,4,0,0,1003688,1
45051.694354,4,0,0,1003557,1
45052.142062,4,0,0,1003570,1
45053.467568,4,0,0,1003648,1
45055.817146,4,0,0,1003523,1
45057.042502,4,0,0,1003460,1
45058.398337,4,0,0,1003473,1
45063.630130,4,0,0,1003635,1
45077.765931,4,0,0,1003777,1
45084.537828,4,0,0,1003640,1
45085.161620,4,0,0,1003618,1
45088.239256,4,0,0,1003587,1
45088.465818,4,0,0,1003551,1
45094.401631,4,0,0,1003700,1
45099.029348,4,0,0,1003648,1
45100.335952,4,0,0,1003617,1
45103.038823,4,0,0,1003632,1
45103.513158,4,0,0,1003635,1
45104.173573,4,0,0,1003682,1
45107.387530,4,0,0,1003655,1
45108.338011,4,0,0,1003646,1
45118.623627,4,0,0,1003392,1
45120.133347,4,0,0,1003343,1
45125.756484,4,0,0,1003308,1
45128.085630,4,0,0,1003348,1
45130.502736,4,0,0,1003300,1
45130.863235,4,0,0,1003320,1
45136.180794,4,0,0,1003347,1
45140.440156,4,0,0,1003030,1
45141.075362,4,0,0,1003020,1
45146.185835,4,0,0,1003093,1
45150.236563,4,0,0,1002968,1
45152.351428,4,0,0,1002998,1
45159.435020,4,0,0,1003038,1
45161.734370,4,0,0,1002916,1
45167.980206,4,0,0,1003143,1
45168.945057,4,0,0,1003197,1
45169.247723,4,0,0,1003233,1
45178.735000,4,0,0,1003426,1
45184.437697,4,0,0,1003830,1
45188.007832,4,0,0,1003842,1
45189.140067,4,0,0,1003745,1
45189.489596,4,0,0,1003684,1
45198.076457,4,0,0,1003614,1
45198.480391,4,0,0,1003611,1
45198.760329,4,0,0,1003610,1
45203.807186,4,0,0,1003565,1
45207.185800,4,0,0,1003683,1
45207.198810,4,0,0,1003687,1
45207.911165,4,0,0,1003754,1
45215.828542,4,0,0,1003458,1
45217.222179,4,0,0,1003375,1
45223.245206,4,0,0,1003262,1
45223.512365,4,0,0,1003234,1
45229.771600,4,0,0,1003360,1
45231.354846,4,0,0,1003294,1
45236.576751,4,0,0,1003226,1
45241.914284,4,0,0,1003341,1
45244.552416,4,0,0,1003404,1
45247.243084,4,0,0,1003373,1
45256.731764,4,0,0,1003557,1
45259.824215,4,0,0,1003679,1
45262.050044,4,0,0,1003643,1
45272.992745,4,0,0,1003760,1
45278.805607,4,0,0,1003929,1
45281.379362,4,0,0,1003992,1
45283.655967,4,0,0,1004012,1
45290.008537,4,0,0,1004312,1
45290.456412,4,0,0,1004258,1
45291.628486,4,0,0,1004225,1
45295.428958,4,0,0,1004411,1
45300.344112,4,0,0,1004486,1
45302.152126,4,0,0,1004532,1
45308.549851,4,0,0,1004573,1
45310.442328,4,0,0,1004590,1
45325.534380,4,0,0,1004502,1
45339.635891,4,0,0,1004461,1
45344.852897,4,0,0,1004629,1
45366.644894,4,0,0,1004396,1
45376.069853,4,0,0,1004228,1
45376.694989,4,0,0,1004144,1
45379.774547,4,0,0,1004066,1
45381.620055,4,0,0,1004075,1
45387.751800,4,0,0,1004142,1
45393.835762,4,0,0,1004151,1
45393.869353,4,0,0,1004135,1
45395.788798,4,0,0,1004298,1
45398.452341,4,0,0,1004313,1
45403.637601,4,0,0,1004302,1
45418.438440,4,0,0,1004193,1
45419.526987,4,0,0,1004163,1
45421.067800,4,0,0,1004251,1
45435.786558,4,0,0,1004646,1
45437.141339,4,0,0,1004650,1
45437.529846,4,0,0,1004665,1
45443.981737,4,0,0,1004660,1
45448.967016,4,0,0,1004569,1
45449.834463,4,0,0,1004531,1
45454.818954,4,0,0,1004471,1
45464.397373,4,0,0,1004496,1
45468.949649,4,0,0,1004502,1
45479.749226,4,0,0,1004390,1
45494.061724,4,0,0,1003871,1
45501.688384,4,0,0,1003756,1
45506.231127,4,0,0,1003798,1
45511.871726,4,0,0,1003814,1
45520.751929,4,0,0,1003771,1
45523.167694,4,0,0,1003683,1
45523.850123,4,0,0,1003665,1
45530.818241,4,0,0,1003777,1
45532.716822,4,0,0,1003799,1
45533.200045,4,0,0,1003784,1
45535.965502,4,0,0,1003769,1
45537.969674,4,0,0,1003893,1
45539.345000,4,0,0,1003958,1
45541.958920,4,0,0,1003902,1
45543.363689,4,0,0,1003786,1
45544.962824,4,0,0,1003725,1
45562.664305,4,0,0,1003695,1
45563.244864,4,0,0,1003691,1
45566.330857,4,0,0,1003713,1
45567.541298,4,0,0,1003669,1
45579.073841,4,0,0,1003707,1
45585.682712,4,0,0,1003880,1
45588.507804,4,0,0,1003985,1
45597.732307,4,0,0,1003786,1
45601.094354,4,0,0,1003869,1
45601.227835,4,0,0,1003872,1
45606.137061,4,0,0,1003874,1
45610.657505,4,0,0,1003708,1
45617.506902,4,0,0,1003716,1
45618.229522,4,0,0,1003738,1
45631.892852,4,0,0,1003810,1
45634.206378,4,0,0,1003755,1
45637.345259,4,0,0,1003640,1
45639.727012,4,0,0,1003730,1
45664.501365,4,0,0,1003600,1
45665.876258,4,0,0,1003630,1
45673.247891,4,0,0,1003702,1
45687.887298,4,0,0,1003855,1
45691.055763,4,0,0,1003779,1
45694.282333,4,0,0,1003723,1
45694.998120,4,0,0,1003705,1
45700.004007,4,0,0,1003872,1
45704.994199,4,0,0,1003749,1
45711.458317,4,0,0,1003814,1
45720.217916,4,0,0,1003769,1
45754.131885,4,0,0,1004002,1
45759.217255,4,0,0,1004009,1
45765.605923,4,0,0,1004168,1
45773.077570,4,0,0,1004137,1
45773.833567,4,0,0,1004171,1
45776.095111,4,0,0,1004228,1
45778.124010,4,0,0,1004297,1
45784.724535,4,0,0,1004524,1
45799.884218,4,0,0,1004184,1
45800.581198,4,0,0,1004214,1
45811.929421,4,0,0,1004267,1
45817.739316,4,0,0,1004276,1
45821.629962,4,0,0,1004137,1
45822.387437,4,0,0,1004181,1
45826.407041,4,0,0,1004206,1
45840.959804,4,0,0,1004172,1
45843.789808,4,0,0,1004265,1
45847.685041,4,0,0,1004314,1
45857.698924,4,0,0,1004352,1
45861.997426,4,0,0,1004260,1
45866.993645,4,0,0,1004122,1
45868.065805,4,0,0,1004088,1
45877.358599,4,0,0,1004400,1
45880.490036,4,0,0,1004314,1
45884.983565,4,0,0,1004241,1
45885.606190,4,0,0,1004236,1
45887.853647,4,0,0,1004211,1
45889.373992,4,0,0,1004172,1
45893.025421,4,0,0,1003977,1
45894.550291,4,0,0,1003990,1
45898.660604,4,0,0,1004036,1
45900.091548,4,0,0,1004011,1
45904.565455,4,0,0,1003998,1
45906.659710,4,0,0,1004090,1
45908.106278,4,0,0,1003986,1
45908.479106,4,0,0,1004029,1
45914.919669,4,0,0,1004181,1
45917.524158,4,0,0,1004072,1
45918.202672,4,0,0,1004053,1
45918.512094,4,0,0,1004021,1
45928.109758,4,0,0,1004052,1
45929.877360,4,0,0,1004001,1
45933.750975,4,0,0,1004059,1
45936.911116,4,0,0,1004121,1
45945.680320,4,0,0,1004308,1
45949.028393,4,0,0,1004401,1
45951.628296,4,0,0,1004485,1
45952.032843,4,0,0,1004516,1
45953.734065,4,0,0,1004534,1
45962.391491,4,0,0,1004399,1
45974.117645,4,0,0,1004568,1
45974.873715,4,0,0,1004575,1
45975.992367,4,0,0,1004680,1
45980.364360,4,0,0,1004656,1
45992.553256,4,0,0,1004636,1
45993.030782,4,0,0,1004592,1
46002.617139,4,0,0,1004498,1
46002.756200,4,0,0,1004480,1
46004.054325,4,0,0,1004446,1
46006.003662,4,0,0,1004429,1
46018.047953,4,0,0,1004677,1
46020.972782,4,0,0,1004679,1
46029.322668,4,0,0,1004713,1
46029.611905,4,0,0,1004766,1
46037.163194,4,0,0,1004767,1
46039.402168,4,0,0,1004794,1
46052.674094,4,0,0,1004633,1
46063.775203,4,0,0,1004546,1
46066.492844,4,0,0,1004584,1
46070.115338,4,0,0,1004598,1
46081.989930,4,0,0,1004564,1
46082.510562,4,0,0,1004516,1
46083.460599,4,0,0,1004532,1
46083.992711,4,0,0,1004591,1
46092.328360,4,0,0,1004715,1
46092.567610,4,0,0,1004711,1
46097.907504,4,0,0,1004807,1
46103.858621,4,0,0,1004819,1
46113.958802,4,0,0,1004809,1
46118.376481,4,0,0,1005015,1
46129.235960,4,0,0,1005351,1
46140.964646,4,0,0,1005340,1
46144.326467,4,0,0,1005478,1
46156.790657,4,0,0,1005350,1
46159.488591,4,0,0,1005352,1
46164.942145,4,0,0,1005365,1
46169.652688,4,0,0,1005383,1
46180.794185,4,0,0,1005342,1
46187.743533,4,0,0,1005357,1
46198.987312,4,0,0,1005232,1
46199.976340,4,0,0,1005228,1
46204.044199,4,0,0,1005230,1
46214.637465,4,0,0,1005504,1
46219.582362,4,0,0,1005437,1
46232.124142,4,0,0,1005533,1
46232.363875,4,0,0,1005505,1
46235.820378,4,0,0,1005447,1
46247.835291,4,0,0,1005629,1
46252.796665,4,0,0,1005590,1
46254.497524,4,0,0,1005646,1
46267.886678,4,0,0,1005694,1
46274.600554,4,0,0,1005570,1
46278.463235,4,0,0,1005631,1
46278.663952,4,0,0,1005603,1
46282.844185,4,0,0,1005486,1
46285.743513,4,0,0,1005452,1
46291.800273,4,0,0,1005563,1
46296.076784,4,0,0,1005519,1
46302.111174,4,0,0,1005740,1
46305.325221,4,0,0,1005763,1
46306.108265,4,0,0,1005772,1
46306.739750,4,0,0,1005719,1
46307.647659,4,0,0,1005711,1
46319.702305,4,0,0,1005629,1
46322.523249,4,0,0,1005625,1
46329.105933,4,0,0,1005812,1
46333.297153,4,0,0,1005816,1
46348.852876,4,0,0,1005452,1
46350.635965,4,0,0,1005407,1
46354.505755,4,0,0,1005374,1
46366.179138,4,0,0,1005254,1
46378.708352,4,0,0,1005388,1
46380.596603,4,0,0,1005550,1
46381.862878,4,0,0,1005532,1
46383.386256,4,0,0,1005512,1
46394.658513,4,0,0,1005670,1
46396.762180,4,0,0,1005732,1
46398.460833,4,0,0,1005727,1
46405.352232,4,0,0,1005805,1
46415.555533,4,0,0,1005560,1
46416.960588,4,0,0,1005579,1
46417.721306,4,0,0,1005594,1
46424.371074,4,0,0,1005743,1
46427.332039,4,0,0,1005649,1
46437.365925,4,0,0,1005410,1
46437.522756,4,0,0,1005419,1
46441.569641,4,0,0,1005439,1
46446.774376,4,0,0,1005439,1
46452.061426,4,0,0,1005354,1
46460.050146,4,0,0,1005406,1
46463.215289,4,0,0,1005433,1
46463.277086,4,0,0,1005431,1
46465.441720,4,0,0,1005296,1
46470.833816,4,0,0,1005241,1
46477.356022,4,0,0,1005323,1
46487.685130,4,0,0,1005354,1
46491.500362,4,0,0,1005306,1
46492.799001,4,0,0,1005264,1
46493.436779,4,0,0,1005257,1
46506.506260,4,0,0,1005138,1
46509.235461,4,0,0,1005165,1
46509.325115,4,0,0,1005167,1
46510.505311,4,0,0,1005288,1
46512.816106,4,0,0,1005069,1
46517.157028,4,0,0,1005011,1
46517.382170,4,0,0,1004979,1
46520.848129,4,0,0,1004885,1
46526.335720,4,0,0,1005066,1
46547.597397,4,0,0,1005077,1
46548.743781,4,0,0,1005154,1
46553.600783,4,0,0,1005293,1
46556.470859,4,0,0,1005182,1
46562.231117,4,0,0,1005321,1
46564.460461,4,0,0,1005421,1
46569.717173,4,0,0,1005510,1
46575.663086,4,0,0,1005546,1
46579.737341,4,0,0,1005535,1
46581.808826,4,0,0,1005606,1
46587.481837,4,0,0,1005475,1
46588.226025,4,0,0,1005529,1
46598.488655,4,0,0,1005521,1
46600.338026,4,0,0,1005417,1
46602.538252,4,0,0,1005525,1
46603.797128,4,0,0,1005522,1
46608.184431,4,0,0,1005539,1
46612.238449,4,0,0,1005567,1
46617.336694,4,0,0,1005540,1
46620.028900,4,0,0,1005542,1
46626.871082,4,0,0,1005561,1
46635.234331,4,0,0,1005737,1
46635.872176,4,0,0,1005781,1
46637.923148,4,0,0,1005774,1
46639.972905,4,0,0,1005724,1
46640.434484,4,0,0,1005720,1
46647.172746,4,0,0,1005646,1
46647.854431,4,0,0,1005682,1
46651.140136,4,0,0,1005658,1
46667.722307,4,0,0,1005578,1
46677.409246,4,0,0,1005547,1
46684.126122,4,0,0,1005590,1
46688.734393,4,0,0,1005704,1
46689.628902,4,0,0,1005749,1
46697.663104,4,0,0,1005777,1
46704.232926,4,0,0,1005711,1
46710.791348,4,0,0,1005594,1
46711.756786,4,0,0,1005608,1
46722.876714,4,0,0,1005641,1
46723.467387,4,0,0,1005646,1
46728.166067,4,0,0,1005865,1
46732.102461,4,0,0,1005781,1
46734.850580,4,0,0,1005853,1
46736.197544,4,0,0,1005809,1
46746.309010,4,0,0,1005598,1
46748.647646,4,0,0,1005499,1
46751.655073,4,0,0,1005392,1
46754.750059,4,0,0,1005305,1
46764.757943,4,0,0,1005363,1
46766.785853,4,0,0,1005500,1
46782.451072,4,0,0,1005731,1
46798.123585,4,0,0,1005449,1
46800.926231,4,0,0,1005535,1
46803.117925,4,0,0,1005604,1
46804.393837,4,0,0,1005579,1
46824.523994,4,0,0,1005466,1
46830.926596,4,0,0,1005480,1
46838.707100,4,0,0,1005344,1
46843.624349,4,0,0,1005292,1
46852.794674,4,0,0,1004944,1
46860.023379,4,0,0,1005104,1
46861.575894,4,0,0,1005055,1
46862.638150,4,0,0,1005085,1
46868.690817,4,0,0,1004999,1
46881.851865,4,0,0,1005108,1
46885.378730,4,0,0,1004956,1
46885.398913,4,0,0,1004964,1
46887.823174,4,0,0,1004900,1
46890.232170,4,0,0,1004882,1
46893.752729,4,0,0,1004855,1
46908.092969,4,0,0,1004679,1
46913.122872,4,0,0,1004749,1
46913.669765,4,0,0,1004743,1
46916.947627,4,0,0,1004856,1
46920.468939,4,0,0,1004834,1
46923.308823,4,0,0,1004685,1
46941.531898,4,0,0,1004726,1
46942.460935,4,0,0,1004685,1
46943.913600,4,0,0,1004717,1
46945.992224,4,0,0,1004740,1
46953.979239,4,0,0,1004746,1
46958.082551,4,0,0,1004687,1
46960.726200,4,0,0,1004801,1
46968.419734,4,0,0,1004993,1
46969.790601,4,0,0,1004879,1
46969.825750,4,0,0,1004869,1
46971.054963,4,0,0,1004825,1
46971.217279,4,0,0,1004795,1
46971.377706,4,0,0,1004787,1
46972.098594,4,0,0,1004780,1
46980.134035,4,0,0,1004909,1
46982.648681,4,0,0,1004896,1
46987.922328,4,0,0,1004891,1
46998.406174,4,0,0,1004941,1
47005.137002,4,0,0,1004964,1
47013.596335,4,0,0,1004993,1
47013.925987,4,0,0,1005026,1
47027.913365,4,0,0,1005314,1
47028.503194,4,0,0,1005285,1
47030.787102,4,0,0,1005296,1
47032.403441,4,0,0,1005314,1
47037.273749,4,0,0,1005265,1
47041.159242,4,0,0,1005230,1
47043.522146,4,0,0,1005151,1
47047.148430,4,0,0,1005402,1
47049.172836,4,0,0,1005342,1
47053.607532,4,0,0,1005123,1
47056.775497,4,0,0,1005315,1
47057.238412,4,0,0,1005287,1
47057.426703,4,0,0,1005273,1
47068.149287,4,0,0,1005337,1
47069.071801,4,0,0,1005332,1
47078.862330,4,0,0,1005381,1
47083.455562,4,0,0,1005268,1
47086.642221,4,0,0,1005263,1
47090.496987,4,0,0,1005233,1
47091.677079,4,0,0,1005168,1
47091.971056,4,0,0,1005144,1
47091.977921,4,0,0,1005142,1
47097.499895,4,0,0,1005053,1
47104.720492,4,0,0,1004989,1
47109.110862,4,0,0,1005047,1
47111.393645,4,0,0,1005169,1
47113.494794,4,0,0,1005181,1
47119.716113,4,0,0,1005314,1
47126.349085,4,0,0,1005078,1
47128.599166,4,0,0,1005121,1
47129.223233,4,0,0,1005198,1
47133.226229,4,0,0,1005076,1
47134.057259,4,0,0,1005160,1
47139.819871,4,0,0,1004976,1
47142.193324,4,0,0,1005107,1
47145.016615,4,0,0,1005111,1
47145.529996,4,0,0,1005108,1
47164.729118,4,0,0,1005164,1
47165.383632,4,0,0,1005163,1
47170.617093,4,0,0,1005194,1
47172.571906,4,0,0,1005223,1
47173.468090,4,0,0,1005192,1
47176.212158,4,0,0,1005100,1
47188.582453,4,0,0,1005086,1
47191.362481,4,0,0,1005039,1
47202.520582,4,0,0,1004992,1
47207.530919,4,0,0,1004898,1
47211.915824,4,0,0,1004820,1
47211.945941,4,0,0,1004819,1
47214.593499,4,0,0,1004849,1
47217.264103,4,0,0,1004941,1
47218.841248,4,0,0,1004995,1
47223.001673,4,0,0,1004919,1
47228.675760,4,0,0,1005013,1
47231.090012,4,0,0,1004958,1
47233.040731,4,0,0,1004944,1
47234.067691,4,0,0,1004901,1
47234.129037,4,0,0,1004921,1
47237.655389,4,0,0,1004822,1
47237.905705,4,0,0,1004849,1
47238.860913,4,0,0,1004851,1
47249.157827,4,0,0,1004883,1
47252.269367,4,0,0,1004910,1
47271.210688,4,0,0,1004754,1
47278.486847,4,0,0,1004777,1
47278.556235,4,0,0,1004786,1
47283.533241,4,0,0,1004751,1
47283.907384,4,0,0,1004724,1
47284.593342,4,0,0,1004699,1
47284.798545,4,0,0,1004753,1
47284.977839,4,0,0,1004749,1
47293.637120,4,0,0,1004534,1
47296.740850,4,0,0,1004444,1
47299.492715,4,0,0,1004465,1
47312.644882,4,0,0,1004415,1
47314.921491,4,0,0,1004292,1
47322.151288,4,0,0,1004334,1
47326.840187,4,0,0,1004453,1
47330.766603,4,0,0,1004340,1
47339.747999,4,0,0,1004414,1
47353.860235,4,0,0,1004434,1
47358.430590,4,0,0,1004498,1
47359.535932,4,0,0,1004507,1
47360.416962,4,0,0,1004519,1
47379.220244,4,0,0,1004462,1
47394.582786,4,0,0,1004467,1
47417.123787,4,0,0,1004419,1
47426.472567,4,0,0,1004312,1
47431.140785,4,0,0,1004340,1
47454.455954,4,0,0,1004552,1
47455.189095,4,0,0,1004592,1
47459.162881,4,0,0,1004468,1
47470.098878,4,0,0,1004522,1
47477.390664,4,0,0,1004594,1
47479.577935,4,0,0,1004643,1
47484.613380,4,0,0,1004559,1
47491.877342,4,0,0,1004234,1
47493.972994,4,0,0,1004168,1
47494.048857,4,0,0,1004167,1
47494.793108,4,0,0,1004165,1
47500.387461,4,0,0,1004170,1
47500.872865,4,0,0,1004158,1
47507.489279,4,0,0,1003986,1
47509.596516,4,0,0,1003973,1
47511.959086,4,0,0,1003930,1
47513.202431,4,0,0,1003897,1
47519.678696,4,0,0,1003729,1
47521.616281,4,0,0,1003563,1
47523.192738,4,0,0,1003497,1
47526.599577,4,0,0,1003322,1
47529.067025,4,0,0,1003351,1
47533.478160,4,0,0,1003363,1
47544.523175,4,0,0,1003581,1
47548.760314,4,0,0,1003436,1
47548.974702,4,0,0,1003404,1
47550.028157,4,0,0,1003503,1
47551.017018,4,0,0,1003560,1
47552.435705,4,0,0,1003556,1
47570.820361,4,0,0,1003454,1
47580.051435,4,0,0,1003300,1
47582.329905,4,0,0,1003307,1
47584.781966,4,0,0,1003458,1
47588.386663,4,0,0,1003096,1
47592.455720,4,0,0,1003165,1
47594.686788,4,0,0,1003069,1
47598.905542,4,0,0,1003030,1
47600.284879,4,0,0,1002914,1
47602.689428,4,0,0,1003029,1
47608.220822,4,0,0,1002971,1
47612.308412,4,0,0,1002925,1
47625.367910,4,0,0,1003227,1
47626.393709,4,0,0,1003203,1
47627.550403,4,0,0,1003229,1
47628.941080,4,0,0,1003281,1
47631.024407,4,0,0,1003316,1
47636.252584,4,0,0,1003395,1
47637.397729,4,0,0,1003430,1
47645.267254,4,0,0,1003562,1
47646.684890,4,0,0,1003620,1
47655.078310,4,0,0,1003677,1
47658.638068,4,0,0,1003696,1
47659.971540,4,0,0,1003670,1
47660.058504,4,0,0,1003672,1
47660.619628,4,0,0,1003698,1
47661.149918,4,0,0,1003702,1
47661.293381,4,0,0,1003711,1
47665.322739,4,0,0,1003679,1
47666.684826,4,0,0,1003780,1
47670.777305,4,0,0,1003762,1
47675.296780,4,0,0,1003609,1
47677.620090,4,0,0,1003709,1
47680.078209,4,0,0,1003701,1
47683.156637,4,0,0,1003642,1
47685.916282,4,0,0,1003720,1
47688.238841,4,0,0,1003583,1
47690.111504,4,0,0,1003518,1
47690.666617,4,0,0,1003495,1
47701.280410,4,0,0,1003706,1
47704.928604,4,0,0,1003558,1
47710.440447,4,0,0,1003663,1
47710.765194,4,0,0,1003693,1
47714.688339,4,0,0,1003750,1
47729.598332,4,0,0,1003604,1
47734.034260,4,0,0,1003588,1
47745.360920,4,0,0,1003434,1
47749.334906,4,0,0,1003583,1
47750.986894,4,0,0,1003595,1
47758.390609,4,0,0,1003666,1
47763.925915,4,0,0,1003467,1
47765.960804,4,0,0,1003390,1
47769.992810,4,0,0,1003463,1
47771.179150,4,0,0,1003471,1
47777.662798,4,0,0,1003438,1
47781.387583,4,0,0,1003462,1
47782.919114,4,0,0,1003524,1
47785.258328,4,0,0,1003696,1
47786.236447,4,0,0,1003686,1
47809.952431,4,0,0,1004209,1
47819.377633,4,0,0,1004219,1
47833.530038,4,0,0,1004079,1
47835.851203,4,0,0,1004167,1
47841.589962,4,0,0,1004100,1
47844.545024,4,0,0,1004225,1
47847.239209,4,0,0,1004181,1
47847.449586,4,0,0,1004198,1
47849.096187,4,0,0,1004278,1
47859.156767,4,0,0,1004229,1
47859.278983,4,0,0,1004209,1
47868.080983,4,0,0,1004473,1
47871.260260,4,0,0,1004447,1
47873.725724,4,0,0,1004505,1
47888.907496,4,0,0,1004513,1
47892.459654,4,0,0,1004637,1
47892.850262,4,0,0,1004623,1
47893.919687,4,0,0,1004605,1
47900.374133,4,0,0,1004722,1
47906.626034,4,0,0,1004681,1
47910.237148,4,0,0,1004839,1
47910.703250,4,0,0,1004812,1
47911.975944,4,0,0,1004833,1
47920.088973,4,0,0,1004872,1
47920.755445,4,0,0,1004877,1
47938.199593,4,0,0,1004745,1
47946.279699,4,0,0,1004663,1
47951.605296,4,0,0,1004768,1
47981.992756,4,0,0,1005108,1
47989.657213,4,0,0,1005236,1
47991.245879,4,0,0,1005265,1
48000.447200,4,0,0,1005143,1
48006.534687,4,0,0,1005212,1
48015.970103,4,0,0,1005313,1
48017.886627,4,0,0,1005320,1
48020.912383,4,0,0,1005405,1
48027.485581,4,0,0,1005230,1
48030.005099,4,0,0,1005148,1
48030.101093,4,0,0,1005160,1
48031.986795,4,0,0,1005102,1
48032.476400,4,0,0,1005080,1
48036.695337,4,0,0,1005043,1
48045.341373,4,0,0,1005148,1
48045.383223,4,0,0,1005153,1
48055.397104,4,0,0,1005010,1
48056.063099,4,0,0,1005018,1
48057.245188,4,0,0,1004992,1
48063.537119,4,0,0,1005074,1
48064.948354,4,0,0,1005130,1
48087.679320,4,0,0,1004993,1
48087.853058,4,0,0,1004987,1
48091.241428,4,0,0,1004913,1
48091.678695,4,0,0,1004911,1
48106.489207,4,0,0,1005041,1
48112.944795,4,0,0,1005214,1
48113.188762,4,0,0,1005231,1
48121.175346,4,0,0,1005264,1
48122.603972,4,0,0,1005201,1
48126.013781,4,0,0,1005267,1
48136.600042,4,0,0,1005168,1
48137.897622,4,0,0,1005078,1
48150.653995,4,0,0,1005379,1
48150.678044,4,0,0,1005388,1
48158.397502,4,0,0,1005486,1
48158.711961,4,0,0,1005489,1
48161.592141,4,0,0,1005536,1
48164.213961,4,0,0,1005545,1
48164.288532,4,0,0,1005540,1
48167.418725,4,0,0,1005645,1
48176.406493,4,0,0,1005561,1
48180.843254,4,0,0,1005472,1
48182.549385,4,0,0,1005481,1
48200.086038,4,0,0,1005270,1
48217.752801,4,0,0,1005387,1
48219.348098,4,0,0,1005298,1
48237.944616,4,0,0,1005011,1
48240.358350,4,0,0,1005137,1
48242.482442,4,0,0,1005211,1
48245.919214,4,0,0,1005250,1
48251.571860,4,0,0,1005072,1
48269.640740,4,0,0,1004844,1
48271.215817,4,0,0,1004960,1
48271.684327,4,0,0,1004956,1
48273.339822,4,0,0,1005053,1
48281.663026,4,0,0,1005035,1
48289.958035,4,0,0,1005166,1
48297.515712,4,0,0,1005308,1
48299.828867,4,0,0,1005320,1
48302.383212,4,0,0,1005277,1
48302.933297,4,0,0,1005296,1
48311.158104,4,0,0,1005328,1
48312.918776,4,0,0,1005341,1
48319.477613,4,0,0,1005289,1
48322.996746,4,0,0,1005385,1
48333.450724,4,0,0,1005352,1
48335.423461,4,0,0,1005341,1
48339.292131,4,0,0,1005449,1
48342.434057,4,0,0,1005415,1
48345.880397,4,0,0,1005248,1
48349.762019,4,0,0,1005273,1
48350.849941,4,0,0,1005340,1
48356.187995,4,0,0,1005414,1
48363.509380,4,0,0,1005420,1
48364.933356,4,0,0,1005404,1
48370.496871,4,0,0,1005327,1
48378.104434,4,0,0,1005295,1
48382.273246,4,0,0,1005177,1
48384.675214,4,0,0,1005186,1
48386.737692,4,0,0,1005245,1
48396.124581,4,0,0,1005213,1
48396.305420,4,0,0,1005218,1
48404.008896,4,0,0,1005401,1
48407.754552,4,0,0,1005554,1
48408.985511,4,0,0,1005561,1
48414.493844,4,0,0,1005502,1
48415.920184,4,0,0,1005465,1
48416.559696,4,0,0,1005415,1
48420.676988,4,0,0,1005349,1
48423.460077,4,0,0,1005416,1
48424.334930,4,0,0,1005429,1
48425.589369,4,0,0,1005387,1
48429.140693,4,0,0,1005379,1
48430.643057,4,0,0,1005385,1
48439.374871,4,0,0,1005505,1
48442.484675,4,0,0,1005578,1
48445.266451,4,0,0,1005430,1
48456.741569,4,0,0,1005530,1
48462.077018,4,0,0,1005426,1
48465.917555,4,0,0,1005428,1
48467.631919,4,0,0,1005419,1
48468.292287,4,0,0,1005374,1
48468.324288,4,0,0,1005374,1
48469.832225,4,0,0,1005336,1
48471.228337,4,0,0,1005298,1
48479.207584,4,0,0,1005390,1
48480.140709,4,0,0,1005413,1
48485.044610,4,0,0,1005537,1
48491.530586,4,0,0,1005550,1
48498.837587,4,0,0,1005610,1
48500.034483,4,0,0,1005647,1
48502.255298,4,0,0,1005643,1
48506.264118,4,0,0,1005616,1
48525.451229,4,0,0,1005301,1
48530.396482,4,0,0,1005234,1
48532.144857,4,0,0,1005241,1
48557.563151,4,0,0,1005378,1
48557.860544,4,0,0,1005393,1
48564.023156,4,0,0,1005296,1
48566.388502,4,0,0,1005411,1
48570.299591,4,0,0,1005386,1
48578.180125,4,0,0,1005321,1
48586.989331,4,0,0,1005237,1
48587.085624,4,0,0,1005234,1
48588.572669,4,0,0,1005277,1
48593.188173,4,0,0,1005156,1
48608.684176,4,0,0,1005268,1
48612.137627,4,0,0,1005369,1
48614.205102,4,0,0,1005473,1
48616.421484,4,0,0,1005491,1
48620.373980,4,0,0,1005568,1
48626.948551,4,0,0,1005618,1
48631.762103,4,0,0,1005587,1
48637.384277,4,0,0,1005684,1
48640.523794,4,0,0,1005762,1
48643.412270,4,0,0,1005751,1
48648.718433,4,0,0,1005515,1
48648.881025,4,0,0,1005539,1
48650.126568,4,0,0,1005569,1
48667.324756,4,0,0,1005440,1
48667.645683,4,0,0,1005481,1
48671.894223,4,0,0,1005544,1
48672.482338,4,0,0,1005559,1
48675.485398,4,0,0,1005576,1
48677.490510,4,0,0,1005521,1
48683.383093,4,0,0,1005423,1
48691.485949,4,0,0,1005302,1
48693.156692,4,0,0,1005239,1
48698.003712,4,0,0,1005289,1
48698.312983,4,0,0,1005288,1
48701.470328,4,0,0,1005327,1
48701.937709,4,0,0,1005327,1
48703.262003,4,0,0,1005351,1
48707.285731,4,0,0,1005292,1
48709.724353,4,0,0,1005336,1
48711.825158,4,0,0,1005447,1
48717.842312,4,0,0,1005466,1
48726.205235,4,0,0,1005403,1
48732.129873,4,0,0,1005312,1
48736.724245,4,0,0,1005158,1
48737.064611,4,0,0,1005212,1
48737.817559,4,0,0,1005149,1
48738.492565,4,0,0,1005158,1
48740.174540,4,0,0,1005258,1
48753.757392,4,0,0,1005214,1
48755.363619,4,0,0,1005254,1
48759.119718,4,0,0,1005140,1
48768.706085,4,0,0,1004985,1
48769.745925,4,0,0,1004881,1
48777.263714,4,0,0,1004692,1
48778.585556,4,0,0,1004599,1
48794.202604,4,0,0,1004820,1
48812.576238,4,0,0,1004761,1
48819.872884,4,0,0,1004716,1
48826.189656,4,0,0,1004763,1
48826.412203,4,0,0,1004761,1
48830.598680,4,0,0,1004753,1
48833.280156,4,0,0,1004861,1
48833.581169,4,0,0,1004845,1
48839.284872,4,0,0,1004763,1
48844.134822,4,0,0,1004877,1
48847.530536,4,0,0,1004888,1
48866.046521,4,0,0,1005114,1
48871.150810,4,0,0,1005013,1
48899.334171,4,0,0,1004846,1
48900.496684,4,0,0,1004762,1
48901.492971,4,0,0,1004761,1
48902.397466,4,0,0,1004737,1
48904.098622,4,0,0,1004701,1
48904.758715,4,0,0,1004716,1
48908.762754,4,0,0,1005051,1
48911.175384,4,0,0,1005020,1
48911.615007,4,0,0,1005024,1
48915.045905,4,0,0,1005135,1
48917.405478,4,0,0,1005137,1
48926.037012,4,0,0,1005063,1
48929.028864,4,0,0,1005099,1
48936.376213,4,0,0,1004887,1
48959.632861,4,0,0,1004977,1
48968.949707,4,0,0,1004865,1
48988.528349,4,0,0,1004403,1
48991.246313,4,0,0,1004326,1
49006.111014,4,0,0,1003936,1
49025.496170,4,0,0,1003923,1
49026.548873,4,0,0,1003961,1
49033.909526,4,0,0,1003739,1
49038.933127,4,0,0,1003738,1
49039.302899,4,0,0,1003742,1
49039.974503,4,0,0,1003693,1
49040.131006,4,0,0,1003702,1
49043.241737,4,0,0,1003733,1
49046.419413,4,0,0,1003860,1
49060.493708,4,0,0,1003926,1
49062.094418,4,0,0,1003939,1
49065.105438,4,0,0,1004012,1
49074.336497,4,0,0,1004020,1
49079.662123,4,0,0,1004257,1
49084.553333,4,0,0,1004034,1
49084.825756,4,0,0,1004084,1
49089.069288,4,0,0,1004044,1
49091.726118,4,0,0,1004149,1
49092.285495,4,0,0,1004167,1
49096.093310,4,0,0,1004187,1
49097.192259,4,0,0,1004246,1
49098.684117,4,0,0,1004328,1
49106.679559,4,0,0,1004387,1
49108.281832,4,0,0,1004392,1
49114.824075,4,0,0,1004305,1
49132.451509,4,0,0,1004221,1
49137.240625,4,0,0,1004208,1
49137.365831,4,0,0,1004210,1
49138.457279,4,0,0,1004214,1
49141.525568,4,0,0,1004375,1
49143.306001,4,0,0,1004303,1
49149.466009,4,0,0,1004604,1
49154.882249,4,0,0,1004779,1
49156.997663,4,0,0,1004721,1
49163.756290,4,0,0,1004593,1
49165.041064,4,0,0,1004675,1
49168.603853,4,0,0,1004788,1
49172.028303,4,0,0,1004833,1
49185.502355,4,0,0,1004636,1
49186.583002,4,0,0,1004675,1
49186.638753,4,0,0,1004683,1
49188.208906,4,0,0,1004677,1
49193.244916,4,0,0,1004716,1
49193.403546,4,0,0,1004758,1
49200.482360,4,0,0,1005088,1
49203.947483,4,0,0,1005223,1
49212.053868,4,0,0,1005314,1
49216.890468,4,0,0,1005315,1
49218.335564,4,0,0,1005320,1
49221.839612,4,0,0,1005270,1
49226.823583,4,0,0,1005207,1
49228.168603,4,0,0,1005275,1
49231.917241,4,0,0,1005228,1
49241.945288,4,0,0,1005264,1
49244.546785,4,0,0,1005287,1
49245.981900,4,0,0,1005254,1
49258.320360,4,0,0,1004911,1
49263.522737,4,0,0,1004821,1
49266.294561,4,0,0,1004923,1
49275.988024,4,0,0,1005214,1
49276.811600,4,0,0,1005191,1
49276.868905,4,0,0,1005192,1
49283.224726,4,0,0,1005389,1
49284.792914,4,0,0,1005377,1
49287.458666,4,0,0,1005325,1
49288.018947,4,0,0,1005320,1
49295.326433,4,0,0,1005393,1
49296.020531,4,0,0,1005384,1
49297.816549,4,0,0,1005320,1
49299.274345,4,0,0,1005385,1
49301.112486,4,0,0,1005402,1
49302.758364,4,0,0,1005260,1
49308.706190,4,0,0,1005062,1
49312.912757,4,0,0,1004936,1
49313.459568,4,0,0,1004946,1
49319.062507,4,0,0,1004860,1
49329.433340,4,0,0,1004836,1
49329.716820,4,0,0,1004830,1
49330.956601,4,0,0,1004846,1
49331.482863,4,0,0,1004827,1
49333.305153,4,0,0,1004830,1
49333.470784,4,0,0,1004826,1
49337.446080,4,0,0,1004793,1
49347.802392,4,0,0,1004910,1
49350.215637,4,0,0,1004825,1
49362.064068,4,0,0,1004706,1
49365.021806,4,0,0,1004811,1
49366.629653,4,0,0,1004840,1
49367.183702,4,0,0,1004816,1
49387.473553,4,0,0,1004862,1
49390.949749,4,0,0,1004727,1
49392.749357,4,0,0,1004704,1
49394.357399,4,0,0,1004695,1
49397.990581,4,0,0,1004749,1
49403.941164,4,0,0,1004766,1
49405.479753,4,0,0,1004662,1
49408.128898,4,0,0,1004749,1
49415.898826,4,0,0,1004923,1
49417.740997,4,0,0,1004996,1
49419.286751,4,0,0,1005073,1
49419.513853,4,0,0,1005085,1
49421.571369,4,0,0,1005036,1
49426.869191,4,0,0,1005067,1
49428.152607,4,0,0,1005087,1
49444.626208,4,0,0,1005268,1
49458.994688,4,0,0,1005216,1
49462.485683,4,0,0,1005041,1
49466.948399,4,0,0,1005043,1
49479.205107,4,0,0,1004863,1
49497.640261,4,0,0,1004684,1
49501.091671,4,0,0,1004548,1
49507.302079,4,0,0,1004817,1
49507.860871,4,0,0,1004801,1
49509.722120,4,0,0,1004697,1
49520.074354,4,0,0,1004595,1
49525.125326,4,0,0,1004716,1
49530.954694,4,0,0,1004661,1
49532.010437,4,0,0,1004667,1
49532.960750,4,0,0,1004701,1
49544.606822,4,0,0,1004630,1
49550.957808,4,0,0,1004788,1
49552.104105,4,0,0,1005443,1
49556.564872,4,0,0,1005427,1
49569.127814,4,0,0,1004996,1
49574.012189,4,0,0,1005259,1
49577.240985,4,0,0,1005312,1
49581.039947,4,0,0,1005357,1
49586.475686,4,0,0,1005516,1
49594.675372,4,0,0,1005638,1
49601.473518,4,0,0,1005829,1
49606.063035,4,0,0,1005557,1
49614.342131,4,0,0,1005717,1
49616.598943,4,0,0,1005771,1
49620.773300,4,0,0,1005730,1
49621.574831,4,0,0,1005722,1
49622.096818,4,0,0,1005737,1
49633.931455,4,0,0,1005669,1
49646.418636,4,0,0,1006022,1
49647.598998,4,0,0,1006080,1
49648.755451,4,0,0,1006141,1
49651.503483,4,0,0,1006142,1
49652.892226,4,0,0,1006141,1
49653.891618,4,0,0,1006138,1
49655.583879,4,0,0,1006100,1
49656.163750,4,0,0,1006094,1
49656.861399,4,0,0,1006073,1
49661.978618,4,0,0,1006003,1
49662.962096,4,0,0,1005974,1
49668.633936,4,0,0,1006024,1
49669.505190,4,0,0,1006025,1
49673.389494,4,0,0,1006224,1
49673.840107,4,0,0,1006158,1
49676.191516,4,0,0,1006074,1
49678.749145,4,0,0,1006008,1
49681.249832,4,0,0,1006055,1
49698.148974,4,0,0,1005946,1
49701.798891,4,0,0,1005915,1
49706.469506,4,0,0,1005783,1
49706.550739,4,0,0,1005774,1
49707.886175,4,0,0,1005750,1
49713.575932,4,0,0,1005710,1
49713.611358,4,0,0,1005705,1
49720.375114,4,0,0,1005847,1
49730.696915,4,0,0,1006215,1
49740.062576,4,0,0,1006039,1
49741.526213,4,0,0,1006065,1
49751.623826,4,0,0,1005776,1
49753.104531,4,0,0,1005769,1
49760.447347,4,0,0,1005728,1
49762.712847,4,0,0,1005797,1
49762.872313,4,0,0,1005801,1
49763.480230,4,0,0,1005798,1
49764.044273,4,0,0,1005810,1
49771.863485,4,0,0,1005900,1
49773.004279,4,0,0,1005900,1
49781.845566,4,0,0,1005746,1
49784.961480,4,0,0,1005518,1
49786.450548,4,0,0,1005575,1
49786.825079,4,0,0,1005628,1
49797.037730,4,0,0,1005660,1
49797.509887,4,0,0,1005653,1
49798.347844,4,0,0,1005680,1
49799.942000,4,0,0,1005680,1
49807.223949,4,0,0,1005915,1
49813.647778,4,0,0,1005782,1
49820.251469,4,0,0,1005783,1
49821.885585,4,0,0,1005810,1
49825.932918,4,0,0,1005957,1
49826.346472,4,0,0,1005909,1
49827.349007,4,0,0,1005916,1
49827.383495,4,0,0,1005928,1
49840.858951,4,0,0,1005925,1
49863.272267,4,0,0,1006070,1
49865.494663,4,0,0,1006012,1
49878.735364,4,0,0,1006168,1
49879.939607,4,0,0,1006196,1
49883.455477,4,0,0,1006308,1
49887.157580,4,0,0,1006372,1
49887.174873,4,0,0,1006378,1
49887.930166,4,0,0,1006481,1
49898.199494,4,0,0,1006382,1
49907.857672,4,0,0,1006407,1
49908.255065,4,0,0,1006440,1
49912.387156,4,0,0,1006454,1
49914.286293,4,0,0,1006491,1
49916.634283,4,0,0,1006476,1
49917.117976,4,0,0,1006453,1
49924.847887,4,0,0,1006400,1
49933.702210,4,0,0,1006429,1
49936.129110,4,0,0,1006367,1
49939.008373,4,0,0,1006251,1
49939.904440,4,0,0,1006245,1
49946.874559,4,0,0,1006233,1
49952.660771,4,0,0,1006296,1
49953.205448,4,0,0,1006284,1
49958.405368,4,0,0,1006122,1
49962.252220,4,0,0,1006087,1
49967.575471,4,0,0,1006197,1
49975.557991,4,0,0,1006129,1
49981.041634,4,0,0,1005966,1
49982.245521,4,0,0,1005939,1
49984.140241,4,0,0,1005868,1
49989.516617,4,0,0,1005783,1
49991.791568,4,0,0,1005780,1
49992.950421,4,0,0,1005826,1
49997.303325,4,0,0,1006001,1
50008.651841,4,0,0,1006131,1
50009.342434,4,0,0,1006128,1
50009.976314,4,0,0,1006049,1
50010.796716,4,0,0,1006053,1
50011.880176,4,0,0,1006001,1
50028.185118,4,0,0,1005660,1
50031.635507,4,0,0,1005836,1
50032.374845,4,0,0,1005843,1
50032.742538,4,0,0,1005800,1
50049.615594,4,0,0,1005811,1
50052.510348,4,0,0,1005921,1
50053.426970,4,0,0,1005848,1
50062.512471,4,0,0,1005780,1
50071.143795,4,0,0,1005701,1
50076.235713,4,0,0,1005648,1
50080.562831,4,0,0,1005630,1
50095.448466,4,0,0,1005961,1
50100.978601,4,0,0,1005651,1
50102.098819,4,0,0,1005661,1
50102.361325,4,0,0,1005624,1
50106.277245,4,0,0,1005480,1
50112.769518,4,0,0,1005433,1
50123.250990,4,0,0,1005477,1
50127.727183,4,0,0,1005465,1
50129.634225,4,0,0,1005432,1
50145.502731,4,0,0,1005286,1
50145.903098,4,0,0,1005279,1
50158.091985,4,0,0,1005143,1
50160.349769,4,0,0,1005082,1
50168.856733,4,0,0,1004833,1
50189.583829,4,0,0,1004883,1
50190.227845,4,0,0,1004880,1
50200.970957,4,0,0,1004530,1
50202.111207,4,0,0,1004457,1
50203.909673,4,0,0,1004362,1
50208.577170,4,0,0,1004322,1
50213.472249,4,0,0,1004341,1
50219.344011,4,0,0,1004349,1
50225.218883,4,0,0,1004292,1
50226.718420,4,0,0,1004205,1
50234.139069,4,0,0,1003935,1
50236.354345,4,0,0,1003837,1
50238.783751,4,0,0,1003782,1
50238.829853,4,0,0,1003786,1
50257.221711,4,0,0,1004223,1
50260.439805,4,0,0,1004215,1
50263.673603,4,0,0,1004335,1
50264.570889,4,0,0,1004285,1
50274.690937,4,0,0,1004416,1
50276.412349,4,0,0,1004431,1
50277.000810,4,0,0,1004477,1
50277.532050,4,0,0,1004452,1
50285.052050,4,0,0,1004414,1
50286.001834,4,0,0,1004397,1
50289.301951,4,0,0,1004389,1
50293.853832,4,0,0,1004478,1
50304.791602,4,0,0,1004507,1
50317.424297,4,0,0,1004421,1
50317.812161,4,0,0,1004375,1
50346.692535,4,0,0,1004406,1
50348.955096,4,0,0,1004436,1
50357.443727,4,0,0,1004433,1
50357.449112,4,0,0,1004445,1
50357.763874,4,0,0,1004418,1
50359.212233,4,0,0,1004454,1
50364.692178,4,0,0,1004603,1
50367.157754,4,0,0,1004603,1
50374.672479,4,0,0,1004727,1
50375.999836,4,0,0,1004725,1
50377.214458,4,0,0,1004751,1
50385.113459,4,0,0,1004891,1
50386.297304,4,0,0,1004956,1
50396.334382,4,0,0,1005012,1
50400.665200,4,0,0,1004885,1
50401.919479,4,0,0,1004941,1
50410.219625,4,0,0,1004837,1
50419.124634,4,0,0,1004771,1
50421.723903,4,0,0,1004717,1
50426.182259,4,0,0,1004825,1
50431.079990,4,0,0,1004810,1
50432.732297,4,0,0,1004826,1
50439.278612,4,0,0,1004962,1
50443.230091,4,0,0,1004860,1
50445.683408,4,0,0,1004868,1
50445.937774,4,0,0,1004815,1
50445.989651,4,0,0,1004805,1
50446.413884,4,0,0,1004753,1
50456.815841,4,0,0,1004783,1
50457.284436,4,0,0,1004817,1
50460.384362,4,0,0,1004785,1
50473.083883,4,0,0,1004852,1
50476.070553,4,0,0,1004916,1
50476.917679,4,0,0,1004876,1
50496.076524,4,0,0,1004745,1
50496.574672,4,0,0,1004808,1
50499.073908,4,0,0,1004875,1
50509.870737,4,0,0,1004804,1
50512.338717,4,0,0,1004800,1
50514.667676,4,0,0,1004884,1
50518.402385,4,0,0,1004929,1
50521.977544,4,0,0,1004900,1
50535.141504,4,0,0,1005112,1
50537.585648,4,0,0,1005082,1
50541.432941,4,0,0,1005059,1
50541.699930,4,0,0,1005048,1
50544.052406,4,0,0,1005015,1
50544.802833,4,0,0,1005021,1
50547.369589,4,0,0,1004986,1
50548.213904,4,0,0,1005020,1
50550.372433,4,0,0,1004955,1
50554.103573,4,0,0,1004862,1
50557.489505,4,0,0,1004859,1
50557.659625,4,0,0,1004809,1
50562.167276,4,0,0,1004809,1
50565.481534,4,0,0,1004806,1
50568.993952,4,0,0,1004896,1
50579.018969,4,0,0,1005077,1
50581.519998,4,0,0,1004922,1
50581.523029,4,0,0,1004924,1
50582.834801,4,0,0,1004954,1
50585.594368,4,0,0,1004823,1
