34199.000000,1,0,100,999000,1
34199.000000,1,0,100,999100,1
34199.000000,1,0,100,999200,1
34199.000000,1,0,100,999300,1
34199.000000,1,0,100,999400,1
34199.000000,1,0,100,999500,1
34199.000000,1,0,100,999600,1
34199.000000,1,0,100,999700,1
34199.000000,1,0,100,999800,1
34199.000000,1,0,100,999900,1
34199.000000,1,0,100,1000100,-1
34199.000000,1,0,100,1000200,-1
34199.000000,1,0,100,1000300,-1
34199.000000,1,0,100,1000400,-1
34199.000000,1,0,100,1000500,-1
34199.000000,1,0,100,1000600,-1
34199.000000,1,0,100,1000700,-1
34199.000000,1,0,100,1000800,-1
34199.000000,1,0,100,1000900,-1
34199.000000,1,0,100,1001000,-1
34200.000000,4,0,0,1000000,1
34216.534304,4,0,0,1000018,1
34226.257035,4,0,0,1000188,1
34229.874753,4,0,0,1000002,1
34231.141044,4,0,0,999924,1
34231.195843,4,0,0,999897,1
34233.886705,4,0,0,1000095,1
34236.347220,4,0,0,1000230,1
34239.882303,4,0,0,1000437,1
34242.993311,4,0,0,1000507,1
34246.867417,4,0,0,1000602,1
34250.614540,4,0,0,1000486,1
34257.454026,4,0,0,1000735,1
34263.410366,4,0,0,1000596,1
34268.031421,4,0,0,1000523,1
34270.685687,4,0,0,1000492,1
34272.316567,4,0,0,1000441,1
34289.735396,4,0,0,1000616,1
34291.676681,4,0,0,1000599,1
34292.856984,4,0,0,1000595,1
34293.182377,4,0,0,1000589,1
34312.622426,4,0,0,1000879,1
34313.276332,4,0,0,1000855,1
34315.134800,4,0,0,1000842,1
34315.486536,4,0,0,1000854,1
34316.703502,4,0,0,1000763,1
34319.094808,4,0,0,1000725,1
34329.920359,4,0,0,1000809,1
34331.946242,4,0,0,1000891,1
34351.941646,4,0,0,1000919,1
34352.080997,4,0,0,1000906,1
34354.152545,4,0,0,1001009,1
34356.444954,4,0,0,1000991,1
34363.350153,4,0,0,1000992,1
34376.703905,4,0,0,1001019,1
34378.545192,4,0,0,1001014,1
34381.252929,4,0,0,1000968,1
34382.758200,4,0,0,1000997,1
34390.476616,4,0,0,1000832,1
34395.336781,4,0,0,1000775,1
34395.676942,4,0,0,1000763,1
34400.100562,4,0,0,1000663,1
34407.689061,4,0,0,1000672,1
34407.844562,4,0,0,1000675,1
34410.749805,4,0,0,1000681,1
34418.213631,4,0,0,1000657,1
34439.598569,4,0,0,1000778,1
34443.790556,4,0,0,1000951,1
34443.980273,4,0,0,1000972,1
34446.806946,4,0,0,1000708,1
34447.803420,4,0,0,1000764,1
34452.518059,4,0,0,1000560,1
34453.677097,4,0,0,1000464,1
34454.459396,4,0,0,1000470,1
34458.131305,4,0,0,1000340,1
34458.636983,4,0,0,1000395,1
34464.916148,4,0,0,1000481,1
34478.336532,4,0,0,1000330,1
34492.056574,4,0,0,1000026,1
34494.301192,4,0,0,1000051,1
34498.630545,4,0,0,1000178,1
34503.815212,4,0,0,1000189,1
34507.230690,4,0,0,1000362,1
34510.273465,4,0,0,1000408,1
34510.316064,4,0,0,1000416,1
34510.652152,4,0,0,1000407,1
34513.379641,4,0,0,1000438,1
34516.079111,4,0,0,1000419,1
34517.062128,4,0,0,1000326,1
34520.668140,4,0,0,1000560,1
34525.037102,4,0,0,1000544,1
34531.137686,4,0,0,1000557,1
34532.886468,4,0,0,1000644,1
34535.363361,4,0,0,1000652,1
34543.634563,4,0,0,1000681,1
34547.863062,4,0,0,1000724,1
34553.723011,4,0,0,1000583,1
34557.138506,4,0,0,1000723,1
34565.610194,4,0,0,1000773,1
34571.706559,4,0,0,1000696,1
34581.323299,4,0,0,1000837,1
34582.410342,4,0,0,1000855,1
34584.105253,4,0,0,1000793,1
34587.192606,4,0,0,1000805,1
34590.445096,4,0,0,1000804,1
34594.917587,4,0,0,1000838,1
34603.086141,4,0,0,1000889,1
34606.672056,4,0,0,1000955,1
34620.057172,4,0,0,1000731,1
34626.200059,4,0,0,1000729,1
34627.141415,4,0,0,1000684,1
34631.763013,4,0,0,1000737,1
34635.712171,4,0,0,1000603,1
34642.602081,4,0,0,1000315,1
34650.456741,4,0,0,1000253,1
34652.152269,4,0,0,1000419,1
34652.864233,4,0,0,1000467,1
34657.687007,4,0,0,1000476,1
34657.726887,4,0,0,1000501,1
34665.154644,4,0,0,1000473,1
34668.487789,4,0,0,1000456,1
34696.448401,4,0,0,1000676,1
34716.226656,4,0,0,1000740,1
34717.457878,4,0,0,1000735,1
34726.524751,4,0,0,1000662,1
34734.534460,4,0,0,1000651,1
34735.822017,4,0,0,1000711,1
34740.934692,4,0,0,1000562,1
34759.001771,4,0,0,1000417,1
34765.288234,4,0,0,1000584,1
34765.768695,4,0,0,1000672,1
34769.087736,4,0,0,1000504,1
34772.054043,4,0,0,1000538,1
34772.057600,4,0,0,1000543,1
34793.588271,4,0,0,1000488,1
34803.629253,4,0,0,1000395,1
34804.799838,4,0,0,1000462,1
34809.244405,4,0,0,1000404,1
34812.296771,4,0,0,1000340,1
34814.423372,4,0,0,1000299,1
34818.025190,4,0,0,1000167,1
34822.002163,4,0,0,999928,1
34830.572962,4,0,0,1000098,1
34830.883054,4,0,0,1000145,1
34835.339617,4,0,0,1000169,1
34838.687524,4,0,0,1000151,1
34839.522633,4,0,0,1000173,1
34840.273929,4,0,0,1000166,1
34845.128839,4,0,0,999973,1
34855.380885,4,0,0,999781,1
34855.540623,4,0,0,999790,1
34858.210992,4,0,0,999759,1
34868.262654,4,0,0,999515,1
34871.356422,4,0,0,999390,1
34873.546554,4,0,0,999461,1
34874.862454,4,0,0,999374,1
34875.098747,4,0,0,999402,1
34876.019251,4,0,0,999425,1
34879.908635,4,0,0,999328,1
34883.518513,4,0,0,999300,1
34887.274390,4,0,0,999317,1
34888.972832,4,0,0,999341,1
34898.559727,4,0,0,999385,1
34907.531634,4,0,0,999602,1
34910.527731,4,0,0,999683,1
34917.180257,4,0,0,999620,1
34924.496005,4,0,0,999599,1
34926.690117,4,0,0,999532,1
34927.623075,4,0,0,999507,1
34929.016525,4,0,0,999512,1
34930.310072,4,0,0,999379,1
34932.687686,4,0,0,999388,1
34932.722257,4,0,0,999388,1
34934.298424,4,0,0,999373,1
34937.979883,4,0,0,999250,1
34940.608959,4,0,0,999204,1
34944.236577,4,0,0,999134,1
34950.677012,4,0,0,999130,1
34963.472001,4,0,0,998703,1
34965.357810,4,0,0,998682,1
34966.865884,4,0,0,998712,1
34969.957067,4,0,0,998637,1
34974.453255,4,0,0,998541,1
34975.444303,4,0,0,998578,1
34975.580029,4,0,0,998627,1
34976.670577,4,0,0,998660,1
34978.014598,4,0,0,998699,1
34980.754912,4,0,0,998705,1
34985.519457,4,0,0,998793,1
34987.234095,4,0,0,998833,1
35004.964817,4,0,0,998651,1
35014.759484,4,0,0,998717,1
35019.393753,4,0,0,998820,1
35021.364638,4,0,0,998771,1
35022.253748,4,0,0,998790,1
35027.406666,4,0,0,998936,1
35033.414376,4,0,0,999060,1
35033.741264,4,0,0,999059,1
35040.873844,4,0,0,999339,1
35051.365402,4,0,0,999511,1
35056.146743,4,0,0,999486,1
35061.955451,4,0,0,999252,1
35071.472537,4,0,0,999207,1
35085.671673,4,0,0,999240,1
35087.744635,4,0,0,999214,1
35088.036342,4,0,0,999215,1
35089.816647,4,0,0,999325,1
35090.712206,4,0,0,999364,1
35092.951554,4,0,0,999466,1
35096.302912,4,0,0,999342,1
35103.774018,4,0,0,999347,1
35118.336979,4,0,0,999607,1
35119.972877,4,0,0,999555,1
35134.489010,4,0,0,999928,1
35135.461239,4,0,0,999866,1
35138.233295,4,0,0,999812,1
35139.196483,4,0,0,999886,1
35140.639972,4,0,0,999755,1
35140.722937,4,0,0,999767,1
35142.074404,4,0,0,999693,1
35144.409886,4,0,0,999605,1
35147.696132,4,0,0,999608,1
35149.425283,4,0,0,999604,1
35149.488029,4,0,0,999611,1
35159.499037,4,0,0,999588,1
35160.786348,4,0,0,999571,1
35161.967267,4,0,0,999506,1
35161.987218,4,0,0,999508,1
35163.426700,4,0,0,999358,1
35164.963820,4,0,0,999398,1
35169.036183,4,0,0,999419,1
35172.548606,4,0,0,999548,1
35180.223346,4,0,0,999743,1
35187.425042,4,0,0,999552,1
35200.141685,4,0,0,999660,1
35203.707260,4,0,0,999584,1
35216.769617,4,0,0,999496,1
35224.870784,4,0,0,999607,1
35225.873016,4,0,0,999630,1
35231.588261,4,0,0,999685,1
35243.369862,4,0,0,999673,1
35254.524349,4,0,0,999707,1
35263.980802,4,0,0,999537,1
35268.966781,4,0,0,999466,1
35284.358103,4,0,0,999589,1
35285.733331,4,0,0,999520,1
35291.446662,4,0,0,999445,1
35292.077473,4,0,0,999475,1
35297.273251,4,0,0,999471,1
35303.184374,4,0,0,999372,1
35308.512611,4,0,0,999407,1
35311.808205,4,0,0,999526,1
35314.341654,4,0,0,999448,1
35323.973339,4,0,0,999215,1
35327.005792,4,0,0,999226,1
35328.833971,4,0,0,999168,1
35329.064770,4,0,0,999159,1
35334.209169,4,0,0,999097,1
35340.943316,4,0,0,998984,1
35344.293730,4,0,0,998981,1
35350.542915,4,0,0,999006,1
35355.422277,4,0,0,998886,1
35358.756443,4,0,0,998976,1
35359.753623,4,0,0,999041,1
35361.866095,4,0,0,999025,1
35368.119796,4,0,0,999046,1
35374.757083,4,0,0,999237,1
35375.018027,4,0,0,999202,1
35377.689348,4,0,0,999111,1
35382.178857,4,0,0,999067,1
35388.478021,4,0,0,999057,1
35390.913141,4,0,0,999101,1
35394.671141,4,0,0,999119,1
35396.944944,4,0,0,998974,1
35398.931699,4,0,0,999045,1
35400.819115,4,0,0,999124,1
35409.032511,4,0,0,998980,1
35409.417408,4,0,0,998995,1
35409.594477,4,0,0,998979,1
35415.117286,4,0,0,998924,1
35417.272951,4,0,0,998869,1
35430.750649,4,0,0,999149,1
35431.644289,4,0,0,999104,1
35434.179890,4,0,0,999095,1
35436.610246,4,0,0,999132,1
35440.025656,4,0,0,999045,1
35440.841510,4,0,0,999030,1
35460.224876,4,0,0,999001,1
35465.013096,4,0,0,999181,1
35477.701800,4,0,0,998946,1
35482.581384,4,0,0,998941,1
35487.410721,4,0,0,998961,1
35491.802544,4,0,0,998928,1
35493.153607,4,0,0,999005,1
35494.768412,4,0,0,999002,1
35495.640862,4,0,0,998979,1
35501.517194,4,0,0,999076,1
35510.785147,4,0,0,999266,1
35511.969399,4,0,0,999218,1
35512.275768,4,0,0,999241,1
35514.745147,4,0,0,999294,1
35530.867677,4,0,0,999287,1
35531.614401,4,0,0,999251,1
35535.489770,4,0,0,999336,1
35542.653870,4,0,0,999423,1
35543.690176,4,0,0,999373,1
35545.740065,4,0,0,999336,1
35546.944122,4,0,0,999432,1
35549.951218,4,0,0,999374,1
35563.026869,4,0,0,999007,1
35567.795171,4,0,0,998976,1
35568.355074,4,0,0,998981,1
35570.361362,4,0,0,999032,1
35576.176524,4,0,0,998987,1
35601.071668,4,0,0,999492,1
35603.219893,4,0,0,999457,1
35606.717873,4,0,0,999477,1
35607.929048,4,0,0,999538,1
35609.969622,4,0,0,999544,1
35610.651359,4,0,0,999445,1
35611.625861,4,0,0,999480,1
35613.323339,4,0,0,999498,1
35613.561389,4,0,0,999481,1
35615.117048,4,0,0,999554,1
35615.531796,4,0,0,999588,1
35615.673188,4,0,0,999578,1
35631.646426,4,0,0,999293,1
35633.535074,4,0,0,999170,1
35639.110344,4,0,0,999151,1
35640.678704,4,0,0,999115,1
35643.452621,4,0,0,999105,1
35651.630348,4,0,0,998728,1
35659.169825,4,0,0,998732,1
35662.738604,4,0,0,998616,1
35664.826006,4,0,0,998590,1
35666.706198,4,0,0,998743,1
35676.965077,4,0,0,998747,1
35677.532621,4,0,0,998785,1
35679.839365,4,0,0,998815,1
35680.038278,4,0,0,998831,1
35684.845049,4,0,0,998851,1
35698.470110,4,0,0,998836,1
35702.492080,4,0,0,998949,1
35704.649485,4,0,0,998855,1
35706.443327,4,0,0,998815,1
35712.247579,4,0,0,998880,1
35713.010470,4,0,0,998888,1
35719.114111,4,0,0,999146,1
35719.964349,4,0,0,999150,1
35721.530368,4,0,0,999148,1
35738.652175,4,0,0,999233,1
35740.574772,4,0,0,999131,1
35756.098554,4,0,0,999438,1
35767.066946,4,0,0,999393,1
35768.067703,4,0,0,999426,1
35768.238784,4,0,0,999409,1
35770.478218,4,0,0,999309,1
35776.118372,4,0,0,999304,1
35790.485258,4,0,0,999271,1
35792.602494,4,0,0,999312,1
35794.800580,4,0,0,999275,1
35795.514066,4,0,0,999381,1
35802.266724,4,0,0,999404,1
35805.286338,4,0,0,999307,1
35808.426617,4,0,0,999304,1
35809.421219,4,0,0,999374,1
35809.688704,4,0,0,999378,1
35815.233788,4,0,0,999267,1
35818.387422,4,0,0,999223,1
35826.783468,4,0,0,999339,1
35826.918116,4,0,0,999366,1
35835.462525,4,0,0,999261,1
35844.204933,4,0,0,999478,1
35845.757364,4,0,0,999432,1
35847.674659,4,0,0,999574,1
35853.861216,4,0,0,999546,1
35860.265749,4,0,0,999391,1
35867.832893,4,0,0,999357,1
35868.252193,4,0,0,999356,1
35871.164195,4,0,0,999421,1
35880.257311,4,0,0,999585,1
35901.903078,4,0,0,999728,1
35908.050296,4,0,0,999609,1
35915.943303,4,0,0,999623,1
35916.512893,4,0,0,999609,1
35935.187062,4,0,0,999642,1
35937.068801,4,0,0,999615,1
35938.006420,4,0,0,999578,1
35943.308948,4,0,0,999878,1
35943.340578,4,0,0,999874,1
35945.959042,4,0,0,999727,1
35951.657427,4,0,0,999676,1
35951.679221,4,0,0,999685,1
35953.551597,4,0,0,999717,1
35954.287254,4,0,0,999680,1
35954.895928,4,0,0,999720,1
35968.289035,4,0,0,1000132,1
35968.658988,4,0,0,1000088,1
35971.735595,4,0,0,1000089,1
35973.696833,4,0,0,1000140,1
35986.606791,4,0,0,1000362,1
35990.783559,4,0,0,1000393,1
35996.225768,4,0,0,1000505,1
35999.191801,4,0,0,1000409,1
36004.431322,4,0,0,1000581,1
36004.748858,4,0,0,1000556,1
36008.306665,4,0,0,1000370,1
36018.018667,4,0,0,1000390,1
36021.616540,4,0,0,1000391,1
36024.069902,4,0,0,1000315,1
36024.520528,4,0,0,1000296,1
36029.576748,4,0,0,1000338,1
36035.086760,4,0,0,1000284,1
36040.816153,4,0,0,1000205,1
36042.169262,4,0,0,1000250,1
36044.673347,4,0,0,1000296,1
36047.773262,4,0,0,1000209,1
36049.359584,4,0,0,1000207,1
36051.736468,4,0,0,1000154,1
36052.019108,4,0,0,1000160,1
36055.326425,4,0,0,1000225,1
36057.911104,4,0,0,1000304,1
36060.372445,4,0,0,1000272,1
36061.398014,4,0,0,1000286,1
36064.690335,4,0,0,1000215,1
36069.681452,4,0,0,1000310,1
36074.474361,4,0,0,1000343,1
36083.683930,4,0,0,1000304,1
36083.775085,4,0,0,1000310,1
36084.848597,4,0,0,1000217,1
36089.056853,4,0,0,1000116,1
36101.708879,4,0,0,1000119,1
36111.354744,4,0,0,1000319,1
36114.217793,4,0,0,1000270,1
36136.286426,4,0,0,1000352,1
36137.023457,4,0,0,1000402,1
36138.817312,4,0,0,1000356,1
36138.821749,4,0,0,1000357,1
36141.025391,4,0,0,1000315,1
36142.292298,4,0,0,1000433,1
36143.730422,4,0,0,1000442,1
36159.616722,4,0,0,1000609,1
36161.648667,4,0,0,1000561,1
36161.671785,4,0,0,1000563,1
36166.686867,4,0,0,1000507,1
36180.245400,4,0,0,1000741,1
36183.616392,4,0,0,1000627,1
36188.991184,4,0,0,1000851,1
36207.429702,4,0,0,1000890,1
36210.100951,4,0,0,1000939,1
36217.063115,4,0,0,1000852,1
36217.412191,4,0,0,1000860,1
36221.979795,4,0,0,1000880,1
36224.305579,4,0,0,1000880,1
36235.123671,4,0,0,1000944,1
36236.895079,4,0,0,1000853,1
36238.404822,4,0,0,1000678,1
36240.560850,4,0,0,1000732,1
36240.711739,4,0,0,1000703,1
36242.755207,4,0,0,1000744,1
36243.824627,4,0,0,1000669,1
36251.910621,4,0,0,1000595,1
36252.420184,4,0,0,1000677,1
36252.573155,4,0,0,1000709,1
36255.946652,4,0,0,1000711,1
36260.398299,4,0,0,1000656,1
36263.538418,4,0,0,1000740,1
36264.260842,4,0,0,1000646,1
36267.903179,4,0,0,1000788,1
36275.725145,4,0,0,1000706,1
36284.827228,4,0,0,1000576,1
36295.404896,4,0,0,1000592,1
36302.811974,4,0,0,1000507,1
36316.591731,4,0,0,1000374,1
36318.478032,4,0,0,1000435,1
36319.400600,4,0,0,1000433,1
36325.529724,4,0,0,1000338,1
36330.092708,4,0,0,1000380,1
36330.181122,4,0,0,1000389,1
36340.349068,4,0,0,1000517,1
36346.596493,4,0,0,1000482,1
36348.863350,4,0,0,1000424,1
36353.805603,4,0,0,1000551,1
36356.633888,4,0,0,1000540,1
36357.550807,4,0,0,1000582,1
36360.285302,4,0,0,1000463,1
36362.828117,4,0,0,1000379,1
36362.915899,4,0,0,1000382,1
36362.921535,4,0,0,1000383,1
36369.569242,4,0,0,1000463,1
36376.594407,4,0,0,1000626,1
36382.189808,4,0,0,1000794,1
36383.175911,4,0,0,1000776,1
36388.609477,4,0,0,1000782,1
36388.764110,4,0,0,1000799,1
36398.974200,4,0,0,1000842,1
36399.102922,4,0,0,1000844,1
36403.389001,4,0,0,1001060,1
36403.564370,4,0,0,1001087,1
36408.165813,4,0,0,1000899,1
36408.275944,4,0,0,1000890,1
36413.556573,4,0,0,1000853,1
36417.678690,4,0,0,1001044,1
36420.772764,4,0,0,1000898,1
36422.451099,4,0,0,1000936,1
36425.390585,4,0,0,1000956,1
36433.635282,4,0,0,1000868,1
36435.857336,4,0,0,1000929,1
36436.657794,4,0,0,1000914,1
36442.150585,4,0,0,1000726,1
36446.558074,4,0,0,1000602,1
36450.339791,4,0,0,1000735,1
36453.637517,4,0,0,1000679,1
36454.718160,4,0,0,1000749,1
36461.553713,4,0,0,1000768,1
36466.627066,4,0,0,1000568,1
36476.475482,4,0,0,1000311,1
36481.076418,4,0,0,1000357,1
36486.350868,4,0,0,1000539,1
36488.593272,4,0,0,1000532,1
36490.712865,4,0,0,1000505,1
36493.469183,4,0,0,1000483,1
36497.120279,4,0,0,1000470,1
36525.055413,4,0,0,1000470,1
36526.928232,4,0,0,1000434,1
36527.879076,4,0,0,1000414,1
36528.578916,4,0,0,1000388,1
36535.765485,4,0,0,1000360,1
36536.354416,4,0,0,1000308,1
36536.820397,4,0,0,1000303,1
36564.061159,4,0,0,1000474,1
36575.078656,4,0,0,1000513,1
36582.555024,4,0,0,1000362,1
36583.911906,4,0,0,1000424,1
36584.895176,4,0,0,1000506,1
36590.310555,4,0,0,1000315,1
36590.594277,4,0,0,1000348,1
36593.641661,4,0,0,1000429,1
36605.581989,4,0,0,1000338,1
36610.261750,4,0,0,1000128,1
36612.330154,4,0,0,1000185,1
36621.345958,4,0,0,1000369,1
36621.866857,4,0,0,1000407,1
36626.730345,4,0,0,1000539,1
36631.569428,4,0,0,1000672,1
36642.040235,4,0,0,1000688,1
36652.484865,4,0,0,1000879,1
36653.728701,4,0,0,1000958,1
36656.292057,4,0,0,1000984,1
36658.339348,4,0,0,1000909,1
36666.937008,4,0,0,1001214,1
36670.244314,4,0,0,1001217,1
36676.244740,4,0,0,1001064,1
36676.798152,4,0,0,1001105,1
36678.773880,4,0,0,1001208,1
36685.811576,4,0,0,1001285,1
36685.832706,4,0,0,1001289,1
36687.602799,4,0,0,1001378,1
36688.293515,4,0,0,1001338,1
36694.925866,4,0,0,1001355,1
36695.216666,4,0,0,1001339,1
36695.943632,4,0,0,1001379,1
36699.367865,4,0,0,1001376,1
36704.604865,4,0,0,1001668,1
36706.049341,4,0,0,1001699,1
36713.496154,4,0,0,1001578,1
36726.717588,4,0,0,1001330,1
36734.350427,4,0,0,1001595,1
36734.807935,4,0,0,1001657,1
36740.772203,4,0,0,1001707,1
36742.765560,4,0,0,1001705,1
36747.943973,4,0,0,1001805,1
36751.436427,4,0,0,1001773,1
36757.095549,4,0,0,1001348,1
36758.132561,4,0,0,1001283,1
36765.274205,4,0,0,1001267,1
36772.548818,4,0,0,1001329,1
36783.397727,4,0,0,1001408,1
36802.295145,4,0,0,1001599,1
36805.517915,4,0,0,1001506,1
36808.491349,4,0,0,1001451,1
36811.637998,4,0,0,1001418,1
36813.208585,4,0,0,1001466,1
36817.678141,4,0,0,1001294,1
36825.921931,4,0,0,1001155,1
36825.963874,4,0,0,1001164,1
36827.309655,4,0,0,1001148,1
36831.697815,4,0,0,1001185,1
36836.323499,4,0,0,1001013,1
36839.378942,4,0,0,1001064,1
36842.719770,4,0,0,1001200,1
36849.380455,4,0,0,1001317,1
36857.690029,4,0,0,1001406,1
36859.522821,4,0,0,1001432,1
36863.307498,4,0,0,1001481,1
36865.993628,4,0,0,1001531,1
36866.981051,4,0,0,1001648,1
36868.587587,4,0,0,1001755,1
36893.186103,4,0,0,1001765,1
36895.129442,4,0,0,1001784,1
36895.387138,4,0,0,1001784,1
36899.316137,4,0,0,1001688,1
36906.494018,4,0,0,1001745,1
36908.009211,4,0,0,1001730,1
36908.365754,4,0,0,1001762,1
36911.425905,4,0,0,1001749,1
36921.221897,4,0,0,1001788,1
36927.660728,4,0,0,1001882,1
36929.756954,4,0,0,1001838,1
36940.426027,4,0,0,1001961,1
36947.223993,4,0,0,1001817,1
36949.092709,4,0,0,1001838,1
36960.415342,4,0,0,1001676,1
36963.153890,4,0,0,1001568,1
36965.340935,4,0,0,1001578,1
36967.183874,4,0,0,1001515,1
36978.682570,4,0,0,1001231,1
36985.411525,4,0,0,1001059,1
36992.672657,4,0,0,1000914,1
36997.569404,4,0,0,1000920,1
37003.909820,4,0,0,1000719,1
37003.961042,4,0,0,1000705,1
37006.635816,4,0,0,1000716,1
37013.980387,4,0,0,1000900,1
37025.926610,4,0,0,1000744,1
37029.459755,4,0,0,1000763,1
37035.035962,4,0,0,1000902,1
37049.544220,4,0,0,1000969,1
37053.445996,4,0,0,1001110,1
37057.752345,4,0,0,1001191,1
37060.475864,4,0,0,1001110,1
37062.152044,4,0,0,1001211,1
37067.870058,4,0,0,1001275,1
37070.868880,4,0,0,1001518,1
37071.052007,4,0,0,1001528,1
37072.328747,4,0,0,1001625,1
37089.617757,4,0,0,1001807,1
37096.056188,4,0,0,1001820,1
37100.166723,4,0,0,1001798,1
37101.758756,4,0,0,1001827,1
37102.163359,4,0,0,1001852,1
37107.338002,4,0,0,1001810,1
37109.313970,4,0,0,1001814,1
37119.379535,4,0,0,1001823,1
37134.117862,4,0,0,1001775,1
37141.374769,4,0,0,1002019,1
37143.735444,4,0,0,1002111,1
37145.810063,4,0,0,1001985,1
37148.112350,4,0,0,1002041,1
37154.948305,4,0,0,1002051,1
37158.580792,4,0,0,1002154,1
37166.649261,4,0,0,1002096,1
37169.270379,4,0,0,1002059,1
37171.843346,4,0,0,1002040,1
37178.474301,4,0,0,1001874,1
37182.466301,4,0,0,1001855,1
37182.641475,4,0,0,1001885,1
37184.855666,4,0,0,1001959,1
37186.327468,4,0,0,1002037,1
37186.683858,4,0,0,1002031,1
37186.851926,4,0,0,1002016,1
37189.926244,4,0,0,1001865,1
37190.640355,4,0,0,1001873,1
37192.086150,4,0,0,1001994,1
37193.105226,4,0,0,1002067,1
37195.962044,4,0,0,1002150,1
37208.978416,4,0,0,1002404,1
37211.267562,4,0,0,1002459,1
37212.015871,4,0,0,1002470,1
37216.043430,4,0,0,1002552,1
37216.365074,4,0,0,1002517,1
37216.446440,4,0,0,1002498,1
37221.617387,4,0,0,1002381,1
37226.042680,4,0,0,1002195,1
37230.462510,4,0,0,1002232,1
37232.588098,4,0,0,1002246,1
37234.348109,4,0,0,1002260,1
37242.634241,4,0,0,1002204,1
37246.567357,4,0,0,1002194,1
37248.604789,4,0,0,1002119,1
37253.958903,4,0,0,1002338,1
37259.716171,4,0,0,1002478,1
37265.076782,4,0,0,1002552,1
37270.420546,4,0,0,1002725,1
37279.595243,4,0,0,1002669,1
37283.176909,4,0,0,1002738,1
37287.155175,4,0,0,1002762,1
37294.556712,4,0,0,1002769,1
37299.117440,4,0,0,1002806,1
37301.906565,4,0,0,1002843,1
37302.746379,4,0,0,1002781,1
37306.161710,4,0,0,1002930,1
37311.487889,4,0,0,1002802,1
37316.221700,4,0,0,1002830,1
37323.708621,4,0,0,1002773,1
37331.669785,4,0,0,1002690,1
37333.742620,4,0,0,1002641,1
37339.596684,4,0,0,1002566,1
37339.876263,4,0,0,1002560,1
37344.373002,4,0,0,1002648,1
37344.544179,4,0,0,1002666,1
37355.998951,4,0,0,1002595,1
37359.206303,4,0,0,1002853,1
37370.280775,4,0,0,1002821,1
37373.774424,4,0,0,1002862,1
37378.022938,4,0,0,1002876,1
37379.592091,4,0,0,1002914,1
37381.709728,4,0,0,1002832,1
37385.616913,4,0,0,1002787,1
37389.551221,4,0,0,1002659,1
37392.744096,4,0,0,1002662,1
37410.973441,4,0,0,1002625,1
37413.121615,4,0,0,1002686,1
37423.064598,4,0,0,1002656,1
37426.332855,4,0,0,1002741,1
37429.521138,4,0,0,1002735,1
37444.618956,4,0,0,1003174,1
37446.939344,4,0,0,1003162,1
37455.636463,4,0,0,1003259,1
37461.162348,4,0,0,1003128,1
37462.981572,4,0,0,1003141,1
37464.071921,4,0,0,1003263,1
37478.302611,4,0,0,1002858,1
37487.087126,4,0,0,1003024,1
37497.022235,4,0,0,1003067,1
37498.866064,4,0,0,1003047,1
37499.147966,4,0,0,1003076,1
37500.205195,4,0,0,1003028,1
37502.609564,4,0,0,1002973,1
37504.476626,4,0,0,1002960,1
37506.757109,4,0,0,1003051,1
37517.013917,4,0,0,1002883,1
37518.989047,4,0,0,1002898,1
37519.025948,4,0,0,1002898,1
37520.409867,4,0,0,1002899,1
37524.289001,4,0,0,1003004,1
37530.846778,4,0,0,1002842,1
37535.192469,4,0,0,1002787,1
37541.085428,4,0,0,1002708,1
37548.859624,4,0,0,1002830,1
37558.405841,4,0,0,1003100,1
37565.360454,4,0,0,1003133,1
37569.834389,4,0,0,1003197,1
37573.419107,4,0,0,1003230,1
37579.911856,4,0,0,1003205,1
37603.842146,4,0,0,1003093,1
37607.259193,4,0,0,1002993,1
37613.802006,4,0,0,1003271,1
37614.360782,4,0,0,1003268,1
37615.299048,4,0,0,1003265,1
37618.917181,4,0,0,1003288,1
37640.739748,4,0,0,1003193,1
37645.882840,4,0,0,1003134,1
37646.695094,4,0,0,1003136,1
37647.459633,4,0,0,1003157,1
37647.486105,4,0,0,1003155,1
37656.862719,4,0,0,1003338,1
37659.456858,4,0,0,1003208,1
37672.722518,4,0,0,1003264,1
37674.307264,4,0,0,1003337,1
37675.707004,4,0,0,1003350,1
37683.602601,4,0,0,1003184,1
37684.916540,4,0,0,1003202,1
37690.455467,4,0,0,1003107,1
37691.117399,4,0,0,1003128,1
37695.799368,4,0,0,1003269,1
37738.336514,4,0,0,1003803,1
37744.452027,4,0,0,1003713,1
37748.140398,4,0,0,1003676,1
37749.072070,4,0,0,1003653,1
37750.946673,4,0,0,1003687,1
37753.400672,4,0,0,1003766,1
37755.451650,4,0,0,1003651,1
37757.255182,4,0,0,1003727,1
37758.118850,4,0,0,1003814,1
37774.005109,4,0,0,1003401,1
37775.310746,4,0,0,1003424,1
37778.710767,4,0,0,1003366,1
37779.264595,4,0,0,1003358,1
37779.613908,4,0,0,1003338,1
37786.466062,4,0,0,1003456,1
37786.766475,4,0,0,1003475,1
37790.432994,4,0,0,1003481,1
37791.247344,4,0,0,1003500,1
37793.349426,4,0,0,1003649,1
37799.320507,4,0,0,1003544,1
37808.289135,4,0,0,1003459,1
37812.168620,4,0,0,1003242,1
37812.340190,4,0,0,1003228,1
37813.148178,4,0,0,1003222,1
37820.490684,4,0,0,1002989,1
37824.509733,4,0,0,1003079,1
37825.791208,4,0,0,1003072,1
37831.693235,4,0,0,1003013,1
37835.853685,4,0,0,1002892,1
37842.264467,4,0,0,1002924,1
37845.679324,4,0,0,1002864,1
37849.658421,4,0,0,1002948,1
37849.993535,4,0,0,1002914,1
37871.307193,4,0,0,1002925,1
37875.564769,4,0,0,1002860,1
37880.898798,4,0,0,1002957,1
37881.251054,4,0,0,1002942,1
37887.755906,4,0,0,1003046,1
37896.724296,4,0,0,1003004,1
37902.563206,4,0,0,1002925,1
37906.751110,4,0,0,1002961,1
37906.864035,4,0,0,1002969,1
37907.016636,4,0,0,1002974,1
37912.082209,4,0,0,1003000,1
37916.259475,4,0,0,1003111,1
37920.957176,4,0,0,1003072,1
37925.109619,4,0,0,1002887,1
37926.907110,4,0,0,1002879,1
37936.579759,4,0,0,1002990,1
37940.236048,4,0,0,1002864,1
37940.463856,4,0,0,1002860,1
37946.756056,4,0,0,1002966,1
37953.613358,4,0,0,1002878,1
37966.950834,4,0,0,1002849,1
37967.744922,4,0,0,1002822,1
37968.811912,4,0,0,1002830,1
37969.737453,4,0,0,1002841,1
37972.543961,4,0,0,1002709,1
37980.051054,4,0,0,1002551,1
37983.042014,4,0,0,1002666,1
37988.822477,4,0,0,1002862,1
37993.942861,4,0,0,1002868,1
37994.355138,4,0,0,1002896,1
37996.701940,4,0,0,1002853,1
38000.282306,4,0,0,1002733,1
38001.743085,4,0,0,1002731,1
38005.686543,4,0,0,1002929,1
38009.900121,4,0,0,1003001,1
38015.514633,4,0,0,1002918,1
38020.276710,4,0,0,1003062,1
38025.128801,4,0,0,1003169,1
38036.438707,4,0,0,1003213,1
38036.850549,4,0,0,1003187,1
38044.094658,4,0,0,1003053,1
38045.570108,4,0,0,1003072,1
38050.732833,4,0,0,1002951,1
38052.790480,4,0,0,1002993,1
38054.496259,4,0,0,1002907,1
38058.285021,4,0,0,1002812,1
38059.864349,4,0,0,1002934,1
38069.067255,4,0,0,1002897,1
38077.738079,4,0,0,1002732,1
38080.136635,4,0,0,1002717,1
38080.275679,4,0,0,1002729,1
38080.359801,4,0,0,1002737,1
38081.246736,4,0,0,1002719,1
38086.074215,4,0,0,1002762,1
38088.732948,4,0,0,1002866,1
38093.793720,4,0,0,1002801,1
38100.871660,4,0,0,1002576,1
38103.667278,4,0,0,1002526,1
38110.601794,4,0,0,1002393,1
38121.224440,4,0,0,1002310,1
38121.930401,4,0,0,1002343,1
38137.900532,4,0,0,1001706,1
38144.428449,4,0,0,1001776,1
38149.346407,4,0,0,1001972,1
38160.390929,4,0,0,1002299,1
38176.907810,4,0,0,1002460,1
38181.428527,4,0,0,1002316,1
38183.226761,4,0,0,1002324,1
38207.590076,4,0,0,1002337,1
38208.760671,4,0,0,1002304,1
38213.143766,4,0,0,1002106,1
38215.544725,4,0,0,1002147,1
38220.713848,4,0,0,1002244,1
38221.350093,4,0,0,1002218,1
38228.768246,4,0,0,1002632,1
38229.720488,4,0,0,1002560,1
38230.995656,4,0,0,1002615,1
38232.909045,4,0,0,1002532,1
38233.310807,4,0,0,1002519,1
38239.842903,4,0,0,1002536,1
38246.261504,4,0,0,1002309,1
38250.168322,4,0,0,1002319,1
38253.409790,4,0,0,1002146,1
38267.824706,4,0,0,1002238,1
38269.983239,4,0,0,1002262,1
38283.013057,4,0,0,1002476,1
38287.630149,4,0,0,1002428,1
38289.880059,4,0,0,1002452,1
38290.775425,4,0,0,1002394,1
38294.253674,4,0,0,1002391,1
38295.126919,4,0,0,1002378,1
38306.760200,4,0,0,1002343,1
38309.546826,4,0,0,1002305,1
38320.113106,4,0,0,1002070,1
38322.899945,4,0,0,1002091,1
38327.641517,4,0,0,1002054,1
38330.929067,4,0,0,1001932,1
38343.702486,4,0,0,1001978,1
38346.285361,4,0,0,1002091,1
38350.386434,4,0,0,1002030,1
38351.092718,4,0,0,1001976,1
38354.142147,4,0,0,1002034,1
38357.771476,4,0,0,1002017,1
38362.062031,4,0,0,1002069,1
38370.634802,4,0,0,1002039,1
38379.680973,4,0,0,1002248,1
38382.232864,4,0,0,1002352,1
38400.005889,4,0,0,1001995,1
38413.875972,4,0,0,1001810,1
38415.490622,4,0,0,1001806,1
38416.619298,4,0,0,1001885,1
38434.328688,4,0,0,1001908,1
38461.492402,4,0,0,1002267,1
38462.415360,4,0,0,1002291,1
38474.063941,4,0,0,1002364,1
38479.972142,4,0,0,1002152,1
38508.180653,4,0,0,1002223,1
38516.885510,4,0,0,1002185,1
38519.779825,4,0,0,1002141,1
38524.007155,4,0,0,1002061,1
38524.647860,4,0,0,1002010,1
38540.944062,4,0,0,1001991,1
38542.800795,4,0,0,1002077,1
38544.571143,4,0,0,1002070,1
38549.870208,4,0,0,1001992,1
38550.732729,4,0,0,1001976,1
38552.017389,4,0,0,1001918,1
38557.189760,4,0,0,1001874,1
38561.359406,4,0,0,1001927,1
38572.447527,4,0,0,1001994,1
38577.942613,4,0,0,1002058,1
38579.825257,4,0,0,1002059,1
38593.726685,4,0,0,1002101,1
38594.526328,4,0,0,1002054,1
38596.782786,4,0,0,1002168,1
38600.058662,4,0,0,1002077,1
38605.031306,4,0,0,1002062,1
38605.112884,4,0,0,1002070,1
38613.792145,4,0,0,1001714,1
38633.971987,4,0,0,1001956,1
38636.661655,4,0,0,1001934,1
38637.266173,4,0,0,1001905,1
38638.598728,4,0,0,1001916,1
38654.593662,4,0,0,1001988,1
38658.500911,4,0,0,1002014,1
38666.779237,4,0,0,1002223,1
38669.443219,4,0,0,1002196,1
38673.352810,4,0,0,1002153,1
38674.727864,4,0,0,1002044,1
38678.741376,4,0,0,1002100,1
38687.516930,4,0,0,1002316,1
38691.891043,4,0,0,1002391,1
38692.725608,4,0,0,1002335,1
38698.963551,4,0,0,1002222,1
38699.849911,4,0,0,1002167,1
38700.144767,4,0,0,1002195,1
38700.512351,4,0,0,1002238,1
38702.834851,4,0,0,1002220,1
38702.880367,4,0,0,1002214,1
38703.016418,4,0,0,1002208,1
38704.030693,4,0,0,1002137,1
38721.532407,4,0,0,1002234,1
38729.728976,4,0,0,1002212,1
38734.297241,4,0,0,1002422,1
38738.532044,4,0,0,1002370,1
38740.289667,4,0,0,1002384,1
38740.852706,4,0,0,1002435,1
38749.175482,4,0,0,1002466,1
38760.359188,4,0,0,1002328,1
38768.932973,4,0,0,1002509,1
38770.058793,4,0,0,1002563,1
38770.740303,4,0,0,1002581,1
38781.727528,4,0,0,1002467,1
38782.683808,4,0,0,1002456,1
38793.985918,4,0,0,1002284,1
38807.016821,4,0,0,1002110,1
38815.360310,4,0,0,1002183,1
38823.428038,4,0,0,1002251,1
38823.799148,4,0,0,1002289,1
38825.701583,4,0,0,1002379,1
38830.247088,4,0,0,1002383,1
38834.927092,4,0,0,1002207,1
38839.030847,4,0,0,1002307,1
38842.717419,4,0,0,1002371,1
38844.605025,4,0,0,1002344,1
38846.637750,4,0,0,1002368,1
38847.004168,4,0,0,1002392,1
38858.577907,4,0,0,1002529,1
38866.984455,4,0,0,1002501,1
38867.184095,4,0,0,1002521,1
38878.138672,4,0,0,1002165,1
38885.179112,4,0,0,1002006,1
38905.354057,4,0,0,1002166,1
38912.900388,4,0,0,1002140,1
38914.579387,4,0,0,1002211,1
38918.578795,4,0,0,1002237,1
38931.807368,4,0,0,1002234,1
38936.918152,4,0,0,1002259,1
38940.543404,4,0,0,1002189,1
38942.171866,4,0,0,1002236,1
38943.021156,4,0,0,1002293,1
38945.946786,4,0,0,1002355,1
38948.147066,4,0,0,1002435,1
38949.063968,4,0,0,1002375,1
38959.798251,4,0,0,1002461,1
38961.194618,4,0,0,1002478,1
38964.338026,4,0,0,1002620,1
38967.206525,4,0,0,1002552,1
38978.131275,4,0,0,1002710,1
38979.093399,4,0,0,1002697,1
38981.360209,4,0,0,1002734,1
38981.841561,4,0,0,1002731,1
38987.367855,4,0,0,1002710,1
38988.821031,4,0,0,1002698,1
38994.266828,4,0,0,1002679,1
39007.356550,4,0,0,1002718,1
39007.890352,4,0,0,1002671,1
39008.147577,4,0,0,1002654,1
39012.318194,4,0,0,1002526,1
39012.660585,4,0,0,1002539,1
39012.962588,4,0,0,1002537,1
39014.742523,4,0,0,1002538,1
39023.541454,4,0,0,1002369,1
39025.905120,4,0,0,1002349,1
39036.702573,4,0,0,1002398,1
39037.198086,4,0,0,1002405,1
39048.737915,4,0,0,1002551,1
39054.976292,4,0,0,1002736,1
39055.626524,4,0,0,1002750,1
39061.678272,4,0,0,1003105,1
39073.034612,4,0,0,1003088,1
39082.085785,4,0,0,1003312,1
39086.260204,4,0,0,1003094,1
39087.855665,4,0,0,1003014,1
39090.797600,4,0,0,1003038,1
39103.420314,4,0,0,1002915,1
39106.229479,4,0,0,1002950,1
39109.178435,4,0,0,1002923,1
39110.100465,4,0,0,1002862,1
39111.677947,4,0,0,1002938,1
39119.435820,4,0,0,1002921,1
39119.692591,4,0,0,1002922,1
39122.255212,4,0,0,1002862,1
39132.610053,4,0,0,1002902,1
39140.317558,4,0,0,1002929,1
39142.627520,4,0,0,1002878,1
39144.605367,4,0,0,1002806,1
39149.277306,4,0,0,1002811,1
39153.666857,4,0,0,1002708,1
39165.182547,4,0,0,1002549,1
39168.875286,4,0,0,1002548,1
39169.999968,4,0,0,1002555,1
39172.250115,4,0,0,1002616,1
39177.695687,4,0,0,1002663,1
39180.982170,4,0,0,1002826,1
39182.276673,4,0,0,1002786,1
39189.712036,4,0,0,1002618,1
39194.703567,4,0,0,1002453,1
39200.408000,4,0,0,1002272,1
39200.991126,4,0,0,1002255,1
39205.972894,4,0,0,1002175,1
39210.690078,4,0,0,1002025,1
39211.374380,4,0,0,1002051,1
39216.764166,4,0,0,1002104,1
39217.819828,4,0,0,1002035,1
39218.755161,4,0,0,1001963,1
39231.341461,4,0,0,1002131,1
39233.361285,4,0,0,1002064,1
39234.991753,4,0,0,1002037,1
39238.122054,4,0,0,1001925,1
39243.718924,4,0,0,1001936,1
39246.500815,4,0,0,1001809,1
39247.197225,4,0,0,1001834,1
39254.014403,4,0,0,1001965,1
39262.428942,4,0,0,1001745,1
39263.380665,4,0,0,1001793,1
39275.864656,4,0,0,1001849,1
39276.078635,4,0,0,1001853,1
39290.033179,4,0,0,1002111,1
39299.072049,4,0,0,1002040,1
39300.105877,4,0,0,1001976,1
39302.402285,4,0,0,1002003,1
39309.680659,4,0,0,1001869,1
39319.361263,4,0,0,1001942,1
39319.536620,4,0,0,1001944,1
39322.176680,4,0,0,1001883,1
39323.769981,4,0,0,1001926,1
39325.727843,4,0,0,1001926,1
39326.612278,4,0,0,1001888,1
39332.298350,4,0,0,1001947,1
39332.337622,4,0,0,1001936,1
39335.339521,4,0,0,1002005,1
39338.733308,4,0,0,1002011,1
39344.523173,4,0,0,1002002,1
39348.473659,4,0,0,1002057,1
39352.398493,4,0,0,1002254,1
39357.355176,4,0,0,1002120,1
39360.974084,4,0,0,1002279,1
39361.941120,4,0,0,1002298,1
39362.186696,4,0,0,1002326,1
39366.155496,4,0,0,1002351,1
39370.006854,4,0,0,1002362,1
39371.816536,4,0,0,1002355,1
39372.727156,4,0,0,1002333,1
39372.812521,4,0,0,1002348,1
39373.040275,4,0,0,1002313,1
39373.162422,4,0,0,1002352,1
39374.706357,4,0,0,1002371,1
39382.396923,4,0,0,1002407,1
39385.595342,4,0,0,1002423,1
39389.159042,4,0,0,1002533,1
39390.774247,4,0,0,1002510,1
39396.142408,4,0,0,1002675,1
39401.485892,4,0,0,1002720,1
39401.755636,4,0,0,1002720,1
39405.215320,4,0,0,1002699,1
39406.740020,4,0,0,1002809,1
39410.530514,4,0,0,1002645,1
39412.361030,4,0,0,1002587,1
39420.650593,4,0,0,1002549,1
39424.945452,4,0,0,1002467,1
39432.165087,4,0,0,1002548,1
39432.824365,4,0,0,1002533,1
39452.184861,4,0,0,1002472,1
39463.278332,4,0,0,1002419,1
39466.527678,4,0,0,1002288,1
39467.311956,4,0,0,1002264,1
39468.507212,4,0,0,1002222,1
39469.012707,4,0,0,1002268,1
39470.246857,4,0,0,1002346,1
39472.805710,4,0,0,1002434,1
39473.432708,4,0,0,1002392,1
39480.992827,4,0,0,1002331,1
39503.024010,4,0,0,1001879,1
39505.234954,4,0,0,1001748,1
39509.172082,4,0,0,1001701,1
39510.205063,4,0,0,1001632,1
39512.580827,4,0,0,1001626,1
39519.362286,4,0,0,1001699,1
39524.211526,4,0,0,1001697,1
39525.499938,4,0,0,1001643,1
39538.911999,4,0,0,1001649,1
39540.952281,4,0,0,1001675,1
39548.676223,4,0,0,1001653,1
39551.611482,4,0,0,1001591,1
39553.844551,4,0,0,1001499,1
39558.217813,4,0,0,1001546,1
39561.306732,4,0,0,1001624,1
39561.857196,4,0,0,1001605,1
39565.393356,4,0,0,1001575,1
39572.767092,4,0,0,1001544,1
39577.150577,4,0,0,1001492,1
39584.171630,4,0,0,1001521,1
39585.762112,4,0,0,1001549,1
39589.640304,4,0,0,1001354,1
39590.659076,4,0,0,1001282,1
39600.460733,4,0,0,1001407,1
39601.308308,4,0,0,1001404,1
39602.861380,4,0,0,1001395,1
39605.978772,4,0,0,1001358,1
39606.871240,4,0,0,1001396,1
39609.938575,4,0,0,1001372,1
39618.487645,4,0,0,1001556,1
39620.183279,4,0,0,1001583,1
39620.777248,4,0,0,1001534,1
39622.987258,4,0,0,1001617,1
39623.772132,4,0,0,1001604,1
39630.954450,4,0,0,1001671,1
39640.086285,4,0,0,1001447,1
39643.616040,4,0,0,1001366,1
39659.390021,4,0,0,1001694,1
39660.060005,4,0,0,1001722,1
39664.242055,4,0,0,1001720,1
39666.520553,4,0,0,1001842,1
39672.016229,4,0,0,1001775,1
39686.028603,4,0,0,1001960,1
39688.482595,4,0,0,1001919,1
39692.148559,4,0,0,1001844,1
39694.754983,4,0,0,1001788,1
39695.236861,4,0,0,1001807,1
39697.390242,4,0,0,1001741,1
39710.069100,4,0,0,1001935,1
39716.031412,4,0,0,1001887,1
39716.468281,4,0,0,1001889,1
39727.797351,4,0,0,1001716,1
39735.121123,4,0,0,1001730,1
39738.961735,4,0,0,1001730,1
39764.655338,4,0,0,1001522,1
39773.565122,4,0,0,1001687,1
39774.239362,4,0,0,1001734,1
39775.393280,4,0,0,1001794,1
39791.238933,4,0,0,1001840,1
39791.346965,4,0,0,1001831,1
39795.235487,4,0,0,1001945,1
39797.029464,4,0,0,1001895,1
39801.570638,4,0,0,1001975,1
39807.817208,4,0,0,1001773,1
39809.757951,4,0,0,1001795,1
39811.274038,4,0,0,1001813,1
39816.723137,4,0,0,1001714,1
39818.403591,4,0,0,1001754,1
39821.282264,4,0,0,1001796,1
39828.757737,4,0,0,1001716,1
39830.244497,4,0,0,1001765,1
39830.822661,4,0,0,1001679,1
39835.124072,4,0,0,1001741,1
39836.345787,4,0,0,1001718,1
39841.906589,4,0,0,1001744,1
39845.093197,4,0,0,1001743,1
39850.715265,4,0,0,1002052,1
39851.095495,4,0,0,1002068,1
39854.920387,4,0,0,1002149,1
39862.719154,4,0,0,1002180,1
39869.201424,4,0,0,1002348,1
39871.220131,4,0,0,1002425,1
39876.244546,4,0,0,1002321,1
39884.842951,4,0,0,1002272,1
39887.057620,4,0,0,1002183,1
39887.439945,4,0,0,1002271,1
39889.060984,4,0,0,1002295,1
39890.597379,4,0,0,1002303,1
39898.366253,4,0,0,1002404,1
39906.573557,4,0,0,1002691,1
39911.742116,4,0,0,1002640,1
39916.774446,4,0,0,1002870,1
39918.084449,4,0,0,1002921,1
39921.471163,4,0,0,1002801,1
39927.158125,4,0,0,1002999,1
39934.598984,4,0,0,1003026,1
39935.306266,4,0,0,1003011,1
39935.440460,4,0,0,1003026,1
39943.460928,4,0,0,1003095,1
39944.255641,4,0,0,1003120,1
39951.003763,4,0,0,1002834,1
39957.660300,4,0,0,1002935,1
39968.636556,4,0,0,1003059,1
39971.271453,4,0,0,1003005,1
39974.092543,4,0,0,1002957,1
39976.555702,4,0,0,1002948,1
39978.960521,4,0,0,1002968,1
39991.197840,4,0,0,1002958,1
39995.448952,4,0,0,1002918,1
40004.641627,4,0,0,1002956,1
40028.723434,4,0,0,1002890,1
40031.915132,4,0,0,1002758,1
40038.992546,4,0,0,1003008,1
40040.265264,4,0,0,1003066,1
40045.261387,4,0,0,1003041,1
40052.027665,4,0,0,1003069,1
40062.479058,4,0,0,1003007,1
40062.707469,4,0,0,1002959,1
40064.489445,4,0,0,1003051,1
40069.722326,4,0,0,1003097,1
40075.696196,4,0,0,1003310,1
40086.783293,4,0,0,1003309,1
40089.240177,4,0,0,1003367,1
40094.991859,4,0,0,1003446,1
40097.447918,4,0,0,1003485,1
40107.392007,4,0,0,1003417,1
40110.143512,4,0,0,1003400,1
40126.098482,4,0,0,1003340,1
40134.907600,4,0,0,1003258,1
40147.862507,4,0,0,1003237,1
40148.500267,4,0,0,1003274,1
40149.453960,4,0,0,1003403,1
40161.423597,4,0,0,1003266,1
40162.762635,4,0,0,1003230,1
40164.936549,4,0,0,1003392,1
40166.205649,4,0,0,1003380,1
40170.684283,4,0,0,1003299,1
40171.713515,4,0,0,1003307,1
40176.876164,4,0,0,1003186,1
40177.007487,4,0,0,1003173,1
40194.408886,4,0,0,1003577,1
40194.509561,4,0,0,1003552,1
40197.108716,4,0,0,1003534,1
40197.886948,4,0,0,1003619,1
40198.314550,4,0,0,1003674,1
40199.151061,4,0,0,1003790,1
40199.410141,4,0,0,1003825,1
40217.981651,4,0,0,1003759,1
40224.473909,4,0,0,1003734,1
40236.450323,4,0,0,1003639,1
40242.258129,4,0,0,1003713,1
40246.882227,4,0,0,1003674,1
40250.781672,4,0,0,1003601,1
40254.162992,4,0,0,1003487,1
40261.393366,4,0,0,1003785,1
40264.600336,4,0,0,1003674,1
40267.396160,4,0,0,1003744,1
40269.875577,4,0,0,1003688,1
40270.387384,4,0,0,1003714,1
40275.873523,4,0,0,1003847,1
40277.185422,4,0,0,1003838,1
40287.577585,4,0,0,1003932,1
40292.721010,4,0,0,1004034,1
40294.674905,4,0,0,1003993,1
40302.283433,4,0,0,1004229,1
40302.786173,4,0,0,1004218,1
40307.795339,4,0,0,1004135,1
40308.294257,4,0,0,1004131,1
40318.357007,4,0,0,1003985,1
40318.946419,4,0,0,1003976,1
40319.350833,4,0,0,1004047,1
40324.262035,4,0,0,1004222,1
40327.822028,4,0,0,1004368,1
40328.400580,4,0,0,1004313,1
40329.964849,4,0,0,1004356,1
40331.453483,4,0,0,1004497,1
40359.703714,4,0,0,1004661,1
40363.064792,4,0,0,1004799,1
40368.541957,4,0,0,1004847,1
40378.007925,4,0,0,1004837,1
40380.697882,4,0,0,1004806,1
40386.164450,4,0,0,1004857,1
40386.245197,4,0,0,1004867,1
40387.757560,4,0,0,1004957,1
40389.773494,4,0,0,1004844,1
40391.993062,4,0,0,1004712,1
40394.615850,4,0,0,1004650,1
40395.934241,4,0,0,1004666,1
40397.355810,4,0,0,1004556,1
40399.607770,4,0,0,1004602,1
40423.459544,4,0,0,1005026,1
40423.695630,4,0,0,1005001,1
40430.344499,4,0,0,1005194,1
40439.344579,4,0,0,1005263,1
40447.678462,4,0,0,1005532,1
40458.335733,4,0,0,1005651,1
40460.496494,4,0,0,1005523,1
40462.764612,4,0,0,1005519,1
40462.927579,4,0,0,1005520,1
40463.398689,4,0,0,1005525,1
40464.931530,4,0,0,1005631,1
40471.123466,4,0,0,1005588,1
40472.171250,4,0,0,1005664,1
40474.595222,4,0,0,1005661,1
40475.787758,4,0,0,1005653,1
40479.262893,4,0,0,1005755,1
40487.122465,4,0,0,1005618,1
40492.606964,4,0,0,1005530,1
40497.226391,4,0,0,1005554,1
40499.041002,4,0,0,1005639,1
40499.373810,4,0,0,1005629,1
40518.480363,4,0,0,1005523,1
40524.414985,4,0,0,1005571,1
40537.647984,4,0,0,1005322,1
40540.129231,4,0,0,1005366,1
40547.316947,4,0,0,1005163,1
40551.547055,4,0,0,1005165,1
40552.534605,4,0,0,1005116,1
40557.650040,4,0,0,1005319,1
40558.506176,4,0,0,1005282,1
40558.851630,4,0,0,1005270,1
40562.676361,4,0,0,1005267,1
40565.987198,4,0,0,1005227,1
40579.875118,4,0,0,1005390,1
40585.673665,4,0,0,1005520,1
40586.507740,4,0,0,1005449,1
40592.029996,4,0,0,1005432,1
40593.365816,4,0,0,1005471,1
40593.998863,4,0,0,1005408,1
40602.406526,4,0,0,1005558,1
40607.645816,4,0,0,1005552,1
40611.418343,4,0,0,1005628,1
40616.305848,4,0,0,1005828,1
40618.737061,4,0,0,1005960,1
40619.634971,4,0,0,1005953,1
40619.640914,4,0,0,1005955,1
40628.031171,4,0,0,1006180,1
40632.542435,4,0,0,1006147,1
40638.318330,4,0,0,1006498,1
40652.375130,4,0,0,1006462,1
40652.561815,4,0,0,1006449,1
40654.976475,4,0,0,1006350,1
40656.817157,4,0,0,1006295,1
40661.556660,4,0,0,1006230,1
40665.055775,4,0,0,1006168,1
40669.917847,4,0,0,1006176,1
40677.338986,4,0,0,1006167,1
40687.984105,4,0,0,1006227,1
40690.406608,4,0,0,1006200,1
40698.822809,4,0,0,1006201,1
40702.924216,4,0,0,1006164,1
40710.066434,4,0,0,1006072,1
40710.094702,4,0,0,1006062,1
40713.314189,4,0,0,1006070,1
40715.950067,4,0,0,1006106,1
40720.113600,4,0,0,1006007,1
40722.393268,4,0,0,1006024,1
40722.927284,4,0,0,1005997,1
40729.402762,4,0,0,1005950,1
40730.426690,4,0,0,1005874,1
40731.623049,4,0,0,1005897,1
40732.204589,4,0,0,1005911,1
40734.781240,4,0,0,1005817,1
40734.789230,4,0,0,1005810,1
40735.971915,4,0,0,1005845,1
40738.747158,4,0,0,1005719,1
40738.793729,4,0,0,1005715,1
40743.773551,4,0,0,1005675,1
40744.659231,4,0,0,1005659,1
40746.169343,4,0,0,1005681,1
40751.146839,4,0,0,1005704,1
40756.002511,4,0,0,1005674,1
40757.758301,4,0,0,1005688,1
40763.568836,4,0,0,1005671,1
40765.388975,4,0,0,1005723,1
40768.318563,4,0,0,1005805,1
40796.794175,4,0,0,1005788,1
40798.285348,4,0,0,1005823,1
40801.094886,4,0,0,1005970,1
40802.746518,4,0,0,1005876,1
40805.873651,4,0,0,1005919,1
40806.870333,4,0,0,1005904,1
40809.926474,4,0,0,1006031,1
40825.666340,4,0,0,1006062,1
40829.048931,4,0,0,1005957,1
40829.566337,4,0,0,1005912,1
40831.162960,4,0,0,1005917,1
40843.920656,4,0,0,1006178,1
40845.256997,4,0,0,1006187,1
40847.301817,4,0,0,1006159,1
40856.411712,4,0,0,1006052,1
40861.830245,4,0,0,1005938,1
40863.250219,4,0,0,1006016,1
40863.840662,4,0,0,1006003,1
40864.253598,4,0,0,1006036,1
40865.981879,4,0,0,1006091,1
40876.740941,4,0,0,1005972,1
40876.866588,4,0,0,1006004,1
40889.560691,4,0,0,1005769,1
40895.203807,4,0,0,1005516,1
40897.941826,4,0,0,1005523,1
40900.468834,4,0,0,1005577,1
40903.477890,4,0,0,1005497,1
40916.158087,4,0,0,1005580,1
40916.429660,4,0,0,1005582,1
40918.383297,4,0,0,1005552,1
40920.504686,4,0,0,1005549,1
40931.204234,4,0,0,1005335,1
40935.594864,4,0,0,1005330,1
40943.583717,4,0,0,1005439,1
40948.745885,4,0,0,1005464,1
40950.561501,4,0,0,1005492,1
40961.013026,4,0,0,1005593,1
40962.401598,4,0,0,1005616,1
40964.705472,4,0,0,1005615,1
40966.387968,4,0,0,1005606,1
40970.645735,4,0,0,1005583,1
40976.596658,4,0,0,1005426,1
40983.439617,4,0,0,1005638,1
40986.704741,4,0,0,1005560,1
40994.632196,4,0,0,1005688,1
40996.432118,4,0,0,1005662,1
40997.320007,4,0,0,1005579,1
40998.862443,4,0,0,1005629,1
41005.559768,4,0,0,1005328,1
41006.520697,4,0,0,1005357,1
41012.819031,4,0,0,1005204,1
41014.542563,4,0,0,1005274,1
41018.513225,4,0,0,1004998,1
41018.630752,4,0,0,1005012,1
41022.256216,4,0,0,1005017,1
41022.874466,4,0,0,1005017,1
41023.288809,4,0,0,1005026,1
41026.552693,4,0,0,1004896,1
41032.219671,4,0,0,1004924,1
41037.742246,4,0,0,1004891,1
41041.747725,4,0,0,1004922,1
41051.034538,4,0,0,1005120,1
41058.766252,4,0,0,1004998,1
41060.885086,4,0,0,1005009,1
41067.781443,4,0,0,1004987,1
41069.035084,4,0,0,1004958,1
41072.821939,4,0,0,1004824,1
41074.209916,4,0,0,1004788,1
41082.489636,4,0,0,1004916,1
41082.527975,4,0,0,1004913,1
41083.094677,4,0,0,1004863,1
41087.805509,4,0,0,1004999,1
41094.846708,4,0,0,1005168,1
41103.437478,4,0,0,1005275,1
41111.407432,4,0,0,1005351,1
41112.896475,4,0,0,1005408,1
41116.520679,4,0,0,1005547,1
41118.791917,4,0,0,1005579,1
41124.618017,4,0,0,1005651,1
41124.989341,4,0,0,1005627,1
41126.268110,4,0,0,1005646,1
41143.968586,4,0,0,1005634,1
41148.257433,4,0,0,1005718,1
41151.563016,4,0,0,1005733,1
41160.228645,4,0,0,1005692,1
41166.123163,4,0,0,1005832,1
41174.207498,4,0,0,1006231,1
41178.053309,4,0,0,1006144,1
41179.801286,4,0,0,1006102,1
41186.028358,4,0,0,1006006,1
41186.944930,4,0,0,1005933,1
41189.461924,4,0,0,1005961,1
41192.854581,4,0,0,1005948,1
41196.799286,4,0,0,1005953,1
41209.515381,4,0,0,1006061,1
41213.609816,4,0,0,1006076,1
41216.579100,4,0,0,1006295,1
41221.870054,4,0,0,1006371,1
41225.757191,4,0,0,1006411,1
41230.502134,4,0,0,1006409,1
41235.231060,4,0,0,1006262,1
41237.677866,4,0,0,1006231,1
41244.385032,4,0,0,1006106,1
41244.483496,4,0,0,1006089,1
41244.940988,4,0,0,1006070,1
41251.568809,4,0,0,1005951,1
41257.596663,4,0,0,1005970,1
41266.280624,4,0,0,1005705,1
41289.125736,4,0,0,1005627,1
41289.314712,4,0,0,1005635,1
41291.496426,4,0,0,1005775,1
41295.163477,4,0,0,1005681,1
41301.871701,4,0,0,1005509,1
41308.799217,4,0,0,1005639,1
41310.043362,4,0,0,1005640,1
41311.023113,4,0,0,1005683,1
41325.532085,4,0,0,1005754,1
41327.321223,4,0,0,1005936,1
41338.887311,4,0,0,1005947,1
41339.222280,4,0,0,1005975,1
41339.318470,4,0,0,1005965,1
41342.184225,4,0,0,1005970,1
41343.113298,4,0,0,1005930,1
41352.528186,4,0,0,1005973,1
41356.824897,4,0,0,1006040,1
41359.491905,4,0,0,1006053,1
41359.533625,4,0,0,1006052,1
41365.054912,4,0,0,1006035,1
41367.699484,4,0,0,1006010,1
41377.606851,4,0,0,1006279,1
41378.099534,4,0,0,1006302,1
41384.857359,4,0,0,1006301,1
41388.847490,4,0,0,1006258,1
41391.327993,4,0,0,1006232,1
41397.307823,4,0,0,1006319,1
41401.133822,4,0,0,1006207,1
41414.080993,4,0,0,1006318,1
41417.522164,4,0,0,1006336,1
41424.204174,4,0,0,1006210,1
41432.681642,4,0,0,1006097,1
41432.889344,4,0,0,1006079,1
41433.897003,4,0,0,1006081,1
41435.570312,4,0,0,1006070,1
41435.918259,4,0,0,1006105,1
41436.290047,4,0,0,1006145,1
41446.315704,4,0,0,1005930,1
41446.759200,4,0,0,1005974,1
41448.449754,4,0,0,1005996,1
41459.383425,4,0,0,1005961,1
41462.352933,4,0,0,1005945,1
41465.473814,4,0,0,1005873,1
41469.525281,4,0,0,1005889,1
41474.268941,4,0,0,1005810,1
41477.251433,4,0,0,1005841,1
41477.570015,4,0,0,1005805,1
41489.416088,4,0,0,1005743,1
41489.829511,4,0,0,1005736,1
41492.197281,4,0,0,1005778,1
41492.843715,4,0,0,1005735,1
41496.746036,4,0,0,1005665,1
41501.843841,4,0,0,1005746,1
41504.643010,4,0,0,1005724,1
41507.631913,4,0,0,1005756,1
41508.892870,4,0,0,1005703,1
41512.852471,4,0,0,1005661,1
41516.903247,4,0,0,1005755,1
41520.507440,4,0,0,1005830,1
41524.367916,4,0,0,1006070,1
41525.623086,4,0,0,1006084,1
41526.081844,4,0,0,1006061,1
41546.947683,4,0,0,1005586,1
41565.844529,4,0,0,1005501,1
41566.196038,4,0,0,1005514,1
41566.742800,4,0,0,1005486,1
41582.956571,4,0,0,1005219,1
41609.679250,4,0,0,1005287,1
41618.169577,4,0,0,1005466,1
41619.469333,4,0,0,1005473,1
41620.038932,4,0,0,1005408,1
41621.891183,4,0,0,1005400,1
41626.101389,4,0,0,1005436,1
41628.991810,4,0,0,1005515,1
41634.209158,4,0,0,1005527,1
41635.688405,4,0,0,1005473,1
41642.957281,4,0,0,1005548,1
41644.246684,4,0,0,1005628,1
41647.149050,4,0,0,1005710,1
41656.230489,4,0,0,1005781,1
41663.960786,4,0,0,1005650,1
41669.810669,4,0,0,1005606,1
41675.638513,4,0,0,1005762,1
41678.368893,4,0,0,1005647,1
41678.884988,4,0,0,1005650,1
41680.806495,4,0,0,1005661,1
41692.055537,4,0,0,1005560,1
41704.899537,4,0,0,1005475,1
41712.550018,4,0,0,1005400,1
41734.062489,4,0,0,1005449,1
41748.593035,4,0,0,1005665,1
41773.858090,4,0,0,1006003,1
41774.312249,4,0,0,1005988,1
41777.159981,4,0,0,1005810,1
41782.047904,4,0,0,1005869,1
41785.239463,4,0,0,1005809,1
41789.593548,4,0,0,1005802,1
41793.964766,4,0,0,1005731,1
41801.094148,4,0,0,1005647,1
41814.691334,4,0,0,1005496,1
41819.251792,4,0,0,1005392,1
41820.735242,4,0,0,1005347,1
41824.375363,4,0,0,1005449,1
41828.830820,4,0,0,1005366,1
41832.930792,4,0,0,1005458,1
41839.565562,4,0,0,1005520,1
41839.632711,4,0,0,1005510,1
41843.029892,4,0,0,1005573,1
41851.888860,4,0,0,1005607,1
41858.061367,4,0,0,1005826,1
41860.397589,4,0,0,1005878,1
41864.869663,4,0,0,1005889,1
41867.475502,4,0,0,1005859,1
41869.246306,4,0,0,1005760,1
41873.746344,4,0,0,1005774,1
41873.757356,4,0,0,1005769,1
41875.387616,4,0,0,1005846,1
41879.041776,4,0,0,1005843,1
41884.506675,4,0,0,1005945,1
41888.460402,4,0,0,1005816,1
41893.872737,4,0,0,1005870,1
41896.196626,4,0,0,1005754,1
41901.547880,4,0,0,1005775,1
41905.347610,4,0,0,1005807,1
41907.153475,4,0,0,1005694,1
41911.423872,4,0,0,1005727,1
41932.906203,4,0,0,1006019,1
41935.353140,4,0,0,1006252,1
41941.632238,4,0,0,1006164,1
41945.153624,4,0,0,1006277,1
41952.223193,4,0,0,1006311,1
41955.094351,4,0,0,1006300,1
41955.124368,4,0,0,1006286,1
41959.108957,4,0,0,1006112,1
41960.954356,4,0,0,1006085,1
41967.266695,4,0,0,1006150,1
41972.539315,4,0,0,1006172,1
41973.027089,4,0,0,1006120,1
41975.614440,4,0,0,1006001,1
41983.384328,4,0,0,1005875,1
41993.024726,4,0,0,1006056,1
41994.237244,4,0,0,1006062,1
41994.841184,4,0,0,1006074,1
42003.540564,4,0,0,1006139,1
42011.208676,4,0,0,1005966,1
42011.247390,4,0,0,1005963,1
42016.011154,4,0,0,1005829,1
42017.215597,4,0,0,1005820,1
42020.679852,4,0,0,1005759,1
42021.771896,4,0,0,1005767,1
42026.786612,4,0,0,1005736,1
42029.411811,4,0,0,1005636,1
42031.131161,4,0,0,1005704,1
42031.836246,4,0,0,1005705,1
42031.928921,4,0,0,1005694,1
42035.525894,4,0,0,1005650,1
42041.548954,4,0,0,1005677,1
42047.023543,4,0,0,1005790,1
42050.203785,4,0,0,1005694,1
42051.409728,4,0,0,1005711,1
42053.012107,4,0,0,1005676,1
42057.350843,4,0,0,1005427,1
42060.706756,4,0,0,1005445,1
42070.287833,4,0,0,1005353,1
42080.643574,4,0,0,1005465,1
42114.214485,4,0,0,1005056,1
42119.338666,4,0,0,1004959,1
42123.377454,4,0,0,1004949,1
42126.543919,4,0,0,1004948,1
42132.846123,4,0,0,1005224,1
42138.979668,4,0,0,1005167,1
42143.051533,4,0,0,1005255,1
42146.876288,4,0,0,1005379,1
42150.150733,4,0,0,1005244,1
42150.344501,4,0,0,1005228,1
42153.283380,4,0,0,1005238,1
42155.294289,4,0,0,1005261,1
42156.642811,4,0,0,1005259,1
42157.582406,4,0,0,1005357,1
42158.760631,4,0,0,1005478,1
42162.949863,4,0,0,1005486,1
42184.867824,4,0,0,1005509,1
42186.334907,4,0,0,1005460,1
42197.207491,4,0,0,1005524,1
42197.407153,4,0,0,1005490,1
42202.632269,4,0,0,1005584,1
42202.796203,4,0,0,1005621,1
42203.349201,4,0,0,1005611,1
42204.482848,4,0,0,1005576,1
42206.567878,4,0,0,1005677,1
42207.256959,4,0,0,1005697,1
42228.910796,4,0,0,1005611,1
42242.964739,4,0,0,1006087,1
42247.763302,4,0,0,1006145,1
42252.384014,4,0,0,1006239,1
42252.992920,4,0,0,1006207,1
42255.006930,4,0,0,1006113,1
42255.510550,4,0,0,1006095,1
42259.686975,4,0,0,1006015,1
42260.973117,4,0,0,1006020,1
42269.235315,4,0,0,1005765,1
42269.474326,4,0,0,1005784,1
42270.352948,4,0,0,1005814,1
42274.937250,4,0,0,1006078,1
42279.033458,4,0,0,1006078,1
42280.791860,4,0,0,1006078,1
42291.129664,4,0,0,1005974,1
42291.573375,4,0,0,1005956,1
42294.233767,4,0,0,1006008,1
42295.473751,4,0,0,1005998,1
42296.207996,4,0,0,1005975,1
42297.176077,4,0,0,1005970,1
42304.350616,4,0,0,1005780,1
42314.579241,4,0,0,1005805,1
42324.381477,4,0,0,1005566,1
42325.359173,4,0,0,1005535,1
42337.485344,4,0,0,1005437,1
42340.471352,4,0,0,1005439,1
42354.698709,4,0,0,1005722,1
42364.116594,4,0,0,1005670,1
42367.814851,4,0,0,1005674,1
42378.136692,4,0,0,1005569,1
42383.764202,4,0,0,1005439,1
42387.741530,4,0,0,1005655,1
42392.133923,4,0,0,1005708,1
42393.426464,4,0,0,1005630,1
42404.790912,4,0,0,1005699,1
42405.551318,4,0,0,1005745,1
42406.117141,4,0,0,1005783,1
42420.794538,4,0,0,1005697,1
42427.843745,4,0,0,1005686,1
42430.704493,4,0,0,1005735,1
42430.798095,4,0,0,1005730,1
42431.095854,4,0,0,1005694,1
42431.853327,4,0,0,1005714,1
42436.150180,4,0,0,1005520,1
42447.798897,4,0,0,1005354,1
42448.137454,4,0,0,1005403,1
42448.573465,4,0,0,1005436,1
42456.847547,4,0,0,1005599,1
42460.509892,4,0,0,1005480,1
42461.343858,4,0,0,1005528,1
42464.984616,4,0,0,1005523,1
42471.875824,4,0,0,1005529,1
42472.455334,4,0,0,1005518,1
42474.042727,4,0,0,1005482,1
42480.015217,4,0,0,1005434,1
42482.131292,4,0,0,1005520,1
42491.318160,4,0,0,1005702,1
42493.690367,4,0,0,1005887,1
42495.281505,4,0,0,1005990,1
42503.146789,4,0,0,1005904,1
42505.704571,4,0,0,1005935,1
42510.436795,4,0,0,1005931,1
42513.857686,4,0,0,1006010,1
42515.767179,4,0,0,1006030,1
42516.955457,4,0,0,1005993,1
42523.208091,4,0,0,1005805,1
42527.346033,4,0,0,1005706,1
42542.009840,4,0,0,1005568,1
42545.404313,4,0,0,1005541,1
42545.497417,4,0,0,1005568,1
42545.560238,4,0,0,1005576,1
42546.275473,4,0,0,1005558,1
42549.602590,4,0,0,1005420,1
42550.413982,4,0,0,1005379,1
42555.140631,4,0,0,1005451,1
42565.631890,4,0,0,1005346,1
42585.562037,4,0,0,1005590,1
42585.893346,4,0,0,1005608,1
42607.186348,4,0,0,1005875,1
42612.082847,4,0,0,1005996,1
42621.244204,4,0,0,1005969,1
42627.424538,4,0,0,1006140,1
42631.177809,4,0,0,1006323,1
42648.945683,4,0,0,1006626,1
42649.326269,4,0,0,1006634,1
42657.880805,4,0,0,1006800,1
42658.356142,4,0,0,1006767,1
42659.518198,4,0,0,1006741,1
42664.361439,4,0,0,1006551,1
42666.816440,4,0,0,1006627,1
42673.524690,4,0,0,1006489,1
42675.156458,4,0,0,1006494,1
42676.701654,4,0,0,1006488,1
42679.601347,4,0,0,1006472,1
42681.962330,4,0,0,1006522,1
42685.687105,4,0,0,1006537,1
42686.813580,4,0,0,1006581,1
42691.845345,4,0,0,1006560,1
42701.819546,4,0,0,1006488,1
42720.954481,4,0,0,1006417,1
42723.774921,4,0,0,1006473,1
42727.302435,4,0,0,1006520,1
42731.140102,4,0,0,1006532,1
42743.509626,4,0,0,1006393,1
42754.300506,4,0,0,1006335,1
42754.350187,4,0,0,1006344,1
42775.685570,4,0,0,1006129,1
42779.255098,4,0,0,1006219,1
42783.184118,4,0,0,1006360,1
42784.283580,4,0,0,1006381,1
42795.092946,4,0,0,1006304,1
42796.354473,4,0,0,1006259,1
42798.517751,4,0,0,1006190,1
42804.751084,4,0,0,1006354,1
42806.087920,4,0,0,1006428,1
42818.308990,4,0,0,1006382,1
42819.482503,4,0,0,1006276,1
42821.895696,4,0,0,1006303,1
42829.828817,4,0,0,1006152,1
42831.578365,4,0,0,1006164,1
42832.561758,4,0,0,1006077,1
42835.344775,4,0,0,1006149,1
42849.618072,4,0,0,1006373,1
42856.500841,4,0,0,1006218,1
42861.530083,4,0,0,1006158,1
42866.508237,4,0,0,1006237,1
42872.867798,4,0,0,1006127,1
42880.791830,4,0,0,1006072,1
42886.359986,4,0,0,1006124,1
42890.981791,4,0,0,1006131,1
42899.986294,4,0,0,1006034,1
42906.504200,4,0,0,1006196,1
42911.962043,4,0,0,1006205,1
42912.599339,4,0,0,1006201,1
42924.205256,4,0,0,1006083,1
42927.796346,4,0,0,1006108,1
42928.672234,4,0,0,1006074,1
42938.055375,4,0,0,1006015,1
42941.754693,4,0,0,1006077,1
42945.227856,4,0,0,1006109,1
42946.763505,4,0,0,1006217,1
42947.750183,4,0,0,1006252,1
42949.247829,4,0,0,1006291,1
42951.638221,4,0,0,1006389,1
42954.015241,4,0,0,1006358,1
42970.215498,4,0,0,1006408,1
42983.129464,4,0,0,1005913,1
42987.129558,4,0,0,1005906,1
42987.335193,4,0,0,1005894,1
43011.011212,4,0,0,1005643,1
43015.278006,4,0,0,1005634,1
43018.660959,4,0,0,1005515,1
43028.434648,4,0,0,1005466,1
43028.763991,4,0,0,1005472,1
43034.856254,4,0,0,1005670,1
43043.865119,4,0,0,1005526,1
43044.747665,4,0,0,1005555,1
43048.203157,4,0,0,1005559,1
43059.742785,4,0,0,1005381,1
43059.871195,4,0,0,1005417,1
43060.397579,4,0,0,1005371,1
43070.241417,4,0,0,1005326,1
43077.553061,4,0,0,1005130,1
43092.880420,4,0,0,1005272,1
43093.523551,4,0,0,1005264,1
43095.629496,4,0,0,1005235,1
43097.633742,4,0,0,1005184,1
43098.647814,4,0,0,1005288,1
43103.130552,4,0,0,1005201,1
43103.642379,4,0,0,1005189,1
43106.708501,4,0,0,1005180,1
43108.176155,4,0,0,1005176,1
43113.706664,4,0,0,1005357,1
43117.396865,4,0,0,1005240,1
43118.978769,4,0,0,1005239,1
43120.952211,4,0,0,1005197,1
43124.445434,4,0,0,1005145,1
43134.509776,4,0,0,1005283,1
43139.976404,4,0,0,1005450,1
43148.749938,4,0,0,1005532,1
43149.151567,4,0,0,1005518,1
43149.870605,4,0,0,1005591,1
43153.226739,4,0,0,1005453,1
43157.301825,4,0,0,1005366,1
43159.059979,4,0,0,1005398,1
43166.713564,4,0,0,1005135,1
43167.099301,4,0,0,1005124,1
43170.977170,4,0,0,1005162,1
43181.010061,4,0,0,1005017,1
43186.695040,4,0,0,1005372,1
43188.778153,4,0,0,1005330,1
43205.860044,4,0,0,1005232,1
43206.002472,4,0,0,1005227,1
43208.132145,4,0,0,1005202,1
43212.168048,4,0,0,1005150,1
43217.651414,4,0,0,1005130,1
43217.783706,4,0,0,1005136,1
43222.172213,4,0,0,1004954,1
43232.875707,4,0,0,1005010,1
43234.991701,4,0,0,1005043,1
43240.502465,4,0,0,1005116,1
43241.745508,4,0,0,1005102,1
43242.318413,4,0,0,1005113,1
43246.851948,4,0,0,1004952,1
43247.984633,4,0,0,1005030,1
43249.386360,4,0,0,1005060,1
43259.438369,4,0,0,1005179,1
43268.419472,4,0,0,1005309,1
43280.898050,4,0,0,1005488,1
43293.928268,4,0,0,1005361,1
43294.308837,4,0,0,1005382,1
43301.139505,4,0,0,1005406,1
43306.377615,4,0,0,1005258,1
43311.375164,4,0,0,1005234,1
43311.643713,4,0,0,1005206,1
43312.410777,4,0,0,1005165,1
43312.561772,4,0,0,1005147,1
43330.400095,4,0,0,1004918,1
43335.497513,4,0,0,1004932,1
43337.577362,4,0,0,1004869,1
43339.729720,4,0,0,1004848,1
43355.156048,4,0,0,1005079,1
43355.535907,4,0,0,1005083,1
43358.188973,4,0,0,1005174,1
43358.583085,4,0,0,1005218,1
43363.450375,4,0,0,1005060,1
43364.475498,4,0,0,1005079,1
43368.847948,4,0,0,1005108,1
43369.928657,4,0,0,1005056,1
43370.515055,4,0,0,1005018,1
43385.900699,4,0,0,1004694,1
43386.403068,4,0,0,1004662,1
43387.430223,4,0,0,1004731,1
43392.764812,4,0,0,1004612,1
43400.302856,4,0,0,1004515,1
43401.685235,4,0,0,1004498,1
43413.725195,4,0,0,1004587,1
43415.310367,4,0,0,1004500,1
43417.411190,4,0,0,1004448,1
43418.118834,4,0,0,1004387,1
43418.336249,4,0,0,1004369,1
43418.955373,4,0,0,1004350,1
43424.922196,4,0,0,1004505,1
43431.534646,4,0,0,1004522,1
43431.550112,4,0,0,1004527,1
43433.334732,4,0,0,1004590,1
43436.759793,4,0,0,1004692,1
43441.157376,4,0,0,1004748,1
43443.121157,4,0,0,1004704,1
43445.923950,4,0,0,1004648,1
43456.690302,4,0,0,1004711,1
43458.095863,4,0,0,1004707,1
43459.439931,4,0,0,1004712,1
43461.464698,4,0,0,1004789,1
43474.951415,4,0,0,1004903,1
43484.284149,4,0,0,1004728,1
43492.092668,4,0,0,1004775,1
43496.335008,4,0,0,1004709,1
43497.802298,4,0,0,1004646,1
43501.333510,4,0,0,1004661,1
43518.337541,4,0,0,1004611,1
43520.853486,4,0,0,1004529,1
43524.866119,4,0,0,1004542,1
43535.306827,4,0,0,1004604,1
43541.375478,4,0,0,1004709,1
43542.404533,4,0,0,1004704,1
43547.178636,4,0,0,1004568,1
43552.765817,4,0,0,1004564,1
43568.399652,4,0,0,1004488,1
43569.437224,4,0,0,1004522,1
43570.368108,4,0,0,1004509,1
43576.204519,4,0,0,1004552,1
43583.910032,4,0,0,1004282,1
43586.626031,4,0,0,1004226,1
43590.152948,4,0,0,1004052,1
43591.123823,4,0,0,1004162,1
43591.450625,4,0,0,1004154,1
43596.631419,4,0,0,1004050,1
43597.379751,4,0,0,1004072,1
43598.537632,4,0,0,1004123,1
43599.308126,4,0,0,1004134,1
43610.825995,4,0,0,1004392,1
43619.125532,4,0,0,1004424,1
43623.317690,4,0,0,1004405,1
43625.964728,4,0,0,1004342,1
43632.907969,4,0,0,1004224,1
43636.656685,4,0,0,1004229,1
43638.704966,4,0,0,1004225,1
43641.935304,4,0,0,1004262,1
43642.160725,4,0,0,1004254,1
43643.334675,4,0,0,1004263,1
43644.336316,4,0,0,1004165,1
43645.538978,4,0,0,1004142,1
43647.115535,4,0,0,1004246,1
43654.186877,4,0,0,1004292,1
43656.077174,4,0,0,1004186,1
43663.181044,4,0,0,1004108,1
43664.796521,4,0,0,1004108,1
43670.686717,4,0,0,1004143,1
43686.349487,4,0,0,1004192,1
43687.255837,4,0,0,1004198,1
43693.684163,4,0,0,1004251,1
43698.921255,4,0,0,1004402,1
43709.683179,4,0,0,1004594,1
43713.717841,4,0,0,1004532,1
43719.120476,4,0,0,1004633,1
43719.437530,4,0,0,1004606,1
43725.352065,4,0,0,1004535,1
43729.036704,4,0,0,1004502,1
43730.167059,4,0,0,1004502,1
43736.453948,4,0,0,1004600,1
43738.421368,4,0,0,1004565,1
43749.502414,4,0,0,1004266,1
43752.921287,4,0,0,1004268,1
43757.583039,4,0,0,1004312,1
43758.702981,4,0,0,1004293,1
43762.489203,4,0,0,1004098,1
43763.671569,4,0,0,1004112,1
43780.956829,4,0,0,1004134,1
43781.650232,4,0,0,1004066,1
43783.089881,4,0,0,1004118,1
43786.951333,4,0,0,1004031,1
43794.376814,4,0,0,1004151,1
43798.508607,4,0,0,1004126,1
43801.733780,4,0,0,1004134,1
43805.499984,4,0,0,1004116,1
43809.699178,4,0,0,1003977,1
43817.781800,4,0,0,1004028,1
43819.161298,4,0,0,1004023,1
43822.372345,4,0,0,1003975,1
43825.227816,4,0,0,1003866,1
43826.711722,4,0,0,1003900,1
43832.094102,4,0,0,1003984,1
43843.835264,4,0,0,1004232,1
43846.096067,4,0,0,1004387,1
43848.335620,4,0,0,1004334,1
43854.717784,4,0,0,1004502,1
43856.726429,4,0,0,1004438,1
43870.224654,4,0,0,1004186,1
43876.020172,4,0,0,1004104,1
43877.069772,4,0,0,1004064,1
43881.898291,4,0,0,1004026,1
43882.763267,4,0,0,1003974,1
43885.285921,4,0,0,1003911,1
43885.559942,4,0,0,1003928,1
43888.058313,4,0,0,1003793,1
43888.709854,4,0,0,1003839,1
43896.847228,4,0,0,1003825,1
43902.207700,4,0,0,1003862,1
43903.950190,4,0,0,1003949,1
43904.208323,4,0,0,1003923,1
43907.719610,4,0,0,1003929,1
43914.560105,4,0,0,1004066,1
43915.118829,4,0,0,1004127,1
43916.757190,4,0,0,1004119,1
43922.637310,4,0,0,1004094,1
43923.241308,4,0,0,1004081,1
43929.852848,4,0,0,1004025,1
43933.288558,4,0,0,1003902,1
43935.547880,4,0,0,1003861,1
43944.062540,4,0,0,1003894,1
43945.580387,4,0,0,1003929,1
43947.651354,4,0,0,1003956,1
43949.119148,4,0,0,1003810,1
43954.137040,4,0,0,1003750,1
43954.251618,4,0,0,1003765,1
43957.335316,4,0,0,1003737,1
43962.134115,4,0,0,1003910,1
43968.174364,4,0,0,1004062,1
43973.218160,4,0,0,1003958,1
43975.547618,4,0,0,1003873,1
43977.040014,4,0,0,1003976,1
43990.731426,4,0,0,1003668,1
43996.318857,4,0,0,1003574,1
44001.695521,4,0,0,1003616,1
44005.001685,4,0,0,1003660,1
44008.387366,4,0,0,1003757,1
44013.280918,4,0,0,1003897,1
44013.730150,4,0,0,1003924,1
44018.199473,4,0,0,1004002,1
44018.562118,4,0,0,1004000,1
44019.704628,4,0,0,1003951,1
44021.030685,4,0,0,1004034,1
44025.160651,4,0,0,1003918,1
44026.335557,4,0,0,1004012,1
44040.368828,4,0,0,1004036,1
44045.595512,4,0,0,1003879,1
44049.749092,4,0,0,1003784,1
44050.183672,4,0,0,1003802,1
44052.101184,4,0,0,1003811,1
44056.398157,4,0,0,1003808,1
44063.328471,4,0,0,1003864,1
44072.475797,4,0,0,1003568,1
44072.925935,4,0,0,1003603,1
44073.153114,4,0,0,1003625,1
44073.959545,4,0,0,1003586,1
44078.176669,4,0,0,1003594,1
44081.409170,4,0,0,1003679,1
44089.345043,4,0,0,1003776,1
44095.063283,4,0,0,1004098,1
44096.506637,4,0,0,1004146,1
44098.569333,4,0,0,1004083,1
44107.473836,4,0,0,1004071,1
44120.772294,4,0,0,1003757,1
44121.577157,4,0,0,1003727,1
44123.110241,4,0,0,1003811,1
44124.541326,4,0,0,1003743,1
44128.037082,4,0,0,1003840,1
44134.773314,4,0,0,1004028,1
44142.198640,4,0,0,1003822,1
44142.993146,4,0,0,1003812,1
44143.660495,4,0,0,1003734,1
44144.142468,4,0,0,1003707,1
44144.615048,4,0,0,1003753,1
44147.953223,4,0,0,1003718,1
44152.365536,4,0,0,1003760,1
44166.749979,4,0,0,1003264,1
44167.616519,4,0,0,1003261,1
44167.805824,4,0,0,1003256,1
44171.371614,4,0,0,1003321,1
44171.809947,4,0,0,1003310,1
44172.714242,4,0,0,1003323,1
44172.981169,4,0,0,1003320,1
44173.082619,4,0,0,1003286,1
44173.873263,4,0,0,1003290,1
44193.202786,4,0,0,1003337,1
44201.667728,4,0,0,1003155,1
44203.031436,4,0,0,1003233,1
44203.055612,4,0,0,1003237,1
44204.068310,4,0,0,1003263,1
44204.328846,4,0,0,1003311,1
44206.528962,4,0,0,1003401,1
44207.499900,4,0,0,1003379,1
44210.649267,4,0,0,1003374,1
44211.792917,4,0,0,1003494,1
44215.563582,4,0,0,1003485,1
44216.778530,4,0,0,1003428,1
44217.654094,4,0,0,1003378,1
44224.596293,4,0,0,1003235,1
44227.994998,4,0,0,1003204,1
44233.033484,4,0,0,1003353,1
44233.197833,4,0,0,1003354,1
44234.230714,4,0,0,1003327,1
44236.131171,4,0,0,1003296,1
44236.859688,4,0,0,1003313,1
44248.613260,4,0,0,1003152,1
44252.258130,4,0,0,1003221,1
44257.054009,4,0,0,1003202,1
44261.475934,4,0,0,1003129,1
44262.641037,4,0,0,1003158,1
44268.392780,4,0,0,1003055,1
44274.242914,4,0,0,1003049,1
44277.345776,4,0,0,1003144,1
44277.426034,4,0,0,1003167,1
44278.976799,4,0,0,1003154,1
44289.051861,4,0,0,1003035,1
44293.521052,4,0,0,1003083,1
44294.656067,4,0,0,1003082,1
44297.271946,4,0,0,1003088,1
44299.264013,4,0,0,1002994,1
44303.629570,4,0,0,1002939,1
44308.834253,4,0,0,1003226,1
44310.725912,4,0,0,1003194,1
44316.061707,4,0,0,1003122,1
44319.327405,4,0,0,1003105,1
44329.213715,4,0,0,1003014,1
44329.406779,4,0,0,1003037,1
44334.623861,4,0,0,1002994,1
44336.038788,4,0,0,1003036,1
44336.649819,4,0,0,1003024,1
44341.895070,4,0,0,1002913,1
44347.051976,4,0,0,1002940,1
44350.682730,4,0,0,1002907,1
44354.465814,4,0,0,1002931,1
44361.556185,4,0,0,1002878,1
44362.327420,4,0,0,1002867,1
44373.707616,4,0,0,1002852,1
44377.109273,4,0,0,1002886,1
44377.667588,4,0,0,1002944,1
44383.397571,4,0,0,1003060,1
44385.616546,4,0,0,1002984,1
44387.308298,4,0,0,1002860,1
44389.267982,4,0,0,1002855,1
44389.701053,4,0,0,1002879,1
44393.647227,4,0,0,1002746,1
44399.272776,4,0,0,1002626,1
44427.052111,4,0,0,1002813,1
44431.525304,4,0,0,1002878,1
44432.787385,4,0,0,1002909,1
44435.451223,4,0,0,1002881,1
44435.551128,4,0,0,1002880,1
44440.579598,4,0,0,1002990,1
44446.796068,4,0,0,1002932,1
44447.964798,4,0,0,1002954,1
44455.399763,4,0,0,1002772,1
44457.505527,4,0,0,1002721,1
44464.597573,4,0,0,1002588,1
44469.406843,4,0,0,1002705,1
44472.438635,4,0,0,1002832,1
44481.752912,4,0,0,1002889,1
44481.970684,4,0,0,1002867,1
44487.932636,4,0,0,1002785,1
44492.235717,4,0,0,1002820,1
44496.263908,4,0,0,1002818,1
44500.091752,4,0,0,1003040,1
44506.909665,4,0,0,1003077,1
44508.845060,4,0,0,1003098,1
44514.908035,4,0,0,1003175,1
44536.604300,4,0,0,1002770,1
44537.174223,4,0,0,1002781,1
44538.665796,4,0,0,1002805,1
44541.414251,4,0,0,1002852,1
44543.047487,4,0,0,1002609,1
44549.071069,4,0,0,1002452,1
44550.738274,4,0,0,1002481,1
44565.402484,4,0,0,1002445,1
44578.439132,4,0,0,1002056,1
44581.016645,4,0,0,1002003,1
44591.895471,4,0,0,1002125,1
44596.291348,4,0,0,1002163,1
44611.906133,4,0,0,1002110,1
44612.581746,4,0,0,1002105,1
44622.831749,4,0,0,1001916,1
44623.078738,4,0,0,1001882,1
44623.287729,4,0,0,1001869,1
44625.321351,4,0,0,1001914,1
44648.999545,4,0,0,1001957,1
44649.979182,4,0,0,1001883,1
44650.455013,4,0,0,1001921,1
44650.830367,4,0,0,1001903,1
44662.901553,4,0,0,1002182,1
44665.231243,4,0,0,1002259,1
44670.178098,4,0,0,1002273,1
44683.267562,4,0,0,1002362,1
44685.307463,4,0,0,1002295,1
44685.760860,4,0,0,1002306,1
44687.128892,4,0,0,1002249,1
44693.883391,4,0,0,1002219,1
44699.425186,4,0,0,1002256,1
44704.128966,4,0,0,1002176,1
44705.290427,4,0,0,1002164,1
44730.883946,4,0,0,1002229,1
44731.904113,4,0,0,1002272,1
44740.833141,4,0,0,1002315,1
44742.099382,4,0,0,1002338,1
44743.614999,4,0,0,1002344,1
44748.486137,4,0,0,1002404,1
44753.455390,4,0,0,1002563,1
44755.168089,4,0,0,1002562,1
44758.322134,4,0,0,1002507,1
44759.098964,4,0,0,1002523,1
44763.926027,4,0,0,1002458,1
44765.420570,4,0,0,1002495,1
44769.026241,4,0,0,1002562,1
44775.105284,4,0,0,1002677,1
44780.196021,4,0,0,1002697,1
44782.364755,4,0,0,1002646,1
44783.311756,4,0,0,1002522,1
44784.585171,4,0,0,1002538,1
44791.286473,4,0,0,1002529,1
44801.612937,4,0,0,1002655,1
44803.014903,4,0,0,1002636,1
44803.256287,4,0,0,1002590,1
44807.513607,4,0,0,1002616,1
44814.933916,4,0,0,1002750,1
44815.170488,4,0,0,1002792,1
44818.820813,4,0,0,1002694,1
44826.938289,4,0,0,1002868,1
44827.052301,4,0,0,1002891,1
44828.414125,4,0,0,1002972,1
44828.654748,4,0,0,1002981,1
44831.401673,4,0,0,1002903,1
44831.874945,4,0,0,1002933,1
44841.976744,4,0,0,1002836,1
44842.507611,4,0,0,1002793,1
44847.940336,4,0,0,1002848,1
44858.744917,4,0,0,1003113,1
44860.600590,4,0,0,1003131,1
44866.590896,4,0,0,1003051,1
44870.388362,4,0,0,1003065,1
44877.302284,4,0,0,1003050,1
44884.729401,4,0,0,1003098,1
44887.312810,4,0,0,1003079,1
44895.072443,4,0,0,1002924,1
44904.580280,4,0,0,1002724,1
44904.607245,4,0,0,1002717,1
44907.198122,4,0,0,1002716,1
44910.617946,4,0,0,1002842,1
44910.796959,4,0,0,1002841,1
44913.974911,4,0,0,1002920,1
44917.115619,4,0,0,1002968,1
44917.603665,4,0,0,1002955,1
44920.330197,4,0,0,1003017,1
44921.253385,4,0,0,1003063,1
44927.828144,4,0,0,1003344,1
44931.490171,4,0,0,1003283,1
44937.470234,4,0,0,1003249,1
44938.532352,4,0,0,1003233,1
44939.090981,4,0,0,1003159,1
44942.734081,4,0,0,1003370,1
44945.466503,4,0,0,1003422,1
44949.890144,4,0,0,1003633,1
44950.977592,4,0,0,1003643,1
44953.851129,4,0,0,1003680,1
44956.279255,4,0,0,1003786,1
44967.881576,4,0,0,1003516,1
44968.507843,4,0,0,1003526,1
44970.195026,4,0,0,1003401,1
44973.043916,4,0,0,1003402,1
44977.853289,4,0,0,1003464,1
44980.161441,4,0,0,1003397,1
44980.289881,4,0,0,1003393,1
44991.710808,4,0,0,1003365,1
45009.086206,4,0,0,1003643,1
45016.078867,4,0,0,1003841,1
45019.315631,4,0,0,1003741,1
45022.657731,4,0,0,1003787,1
45023.432186,4,0,0,1003841,1
45024.558470,4,0,0,1003842,1
45025.528643,4,0,0,1003874,1
45042.896471,4,0,0,1003728,1
45044.138273,4,0,0,1003680,1
45049.891670,4,0,0,1003488,1
45054.589736,4,0,0,1003569,1
45055.998366,4,0,0,1003534,1
45065.469097,4,0,0,1003763,1
45072.748094,4,0,0,1003930,1
45094.678623,4,0,0,1003904,1
45097.208868,4,0,0,1004036,1
45101.642756,4,0,0,1004195,1
45107.493290,4,0,0,1004195,1
45108.340524,4,0,0,1004207,1
45108.460118,4,0,0,1004224,1
45110.410155,4,0,0,1004194,1
45113.377819,4,0,0,1004175,1
45115.068591,4,0,0,1004239,1
45115.802364,4,0,0,1004304,1
45121.112072,4,0,0,1004396,1
45124.342631,4,0,0,1004359,1
45128.125747,4,0,0,1004408,1
45129.531539,4,0,0,1004364,1
45130.015944,4,0,0,1004420,1
45130.593106,4,0,0,1004403,1
45131.982870,4,0,0,1004488,1
45146.218466,4,0,0,1004590,1
45148.027944,4,0,0,1004562,1
45151.856923,4,0,0,1004464,1
45153.379810,4,0,0,1004474,1
45162.321183,4,0,0,1004670,1
45168.871279,4,0,0,1004770,1
45178.851828,4,0,0,1004784,1
45179.908228,4,0,0,1004819,1
45184.497219,4,0,0,1004844,1
45186.803632,4,0,0,1004966,1
45195.426279,4,0,0,1005032,1
45201.433364,4,0,0,1005057,1
45207.729732,4,0,0,1005047,1
45213.432291,4,0,0,1005238,1
45220.959216,4,0,0,1005144,1
45222.185087,4,0,0,1005128,1
45229.317682,4,0,0,1004908,1
45229.721463,4,0,0,1004858,1
45230.636633,4,0,0,1004783,1
45234.553737,4,0,0,1004750,1
45234.789437,4,0,0,1004731,1
45235.625178,4,0,0,1004758,1
45236.317516,4,0,0,1004771,1
45239.090693,4,0,0,1004666,1
45240.556434,4,0,0,1004715,1
45242.111491,4,0,0,1004731,1
45262.649109,4,0,0,1004888,1
45269.610840,4,0,0,1004834,1
45273.509661,4,0,0,1005023,1
45274.136977,4,0,0,1005153,1
45276.434076,4,0,0,1005183,1
45276.989940,4,0,0,1005182,1
45280.654719,4,0,0,1005112,1
45289.434669,4,0,0,1005030,1
45294.741319,4,0,0,1005154,1
45299.627411,4,0,0,1005090,1
45305.820044,4,0,0,1005066,1
45321.510641,4,0,0,1005326,1
45325.663792,4,0,0,1005358,1
45326.840312,4,0,0,1005373,1
45327.530485,4,0,0,1005359,1
45332.061597,4,0,0,1005484,1
45333.927109,4,0,0,1005527,1
45336.318344,4,0,0,1005348,1
45342.371015,4,0,0,1005475,1
45344.498596,4,0,0,1005393,1
45346.244962,4,0,0,1005462,1
45347.398850,4,0,0,1005550,1
45358.614183,4,0,0,1005521,1
45360.255040,4,0,0,1005525,1
45362.506438,4,0,0,1005383,1
45363.922111,4,0,0,1005330,1
45366.183608,4,0,0,1005425,1
45367.721351,4,0,0,1005503,1
45375.331857,4,0,0,1005499,1
45377.718468,4,0,0,1005456,1
45389.470365,4,0,0,1005327,1
45393.589121,4,0,0,1005389,1
45394.373538,4,0,0,1005404,1
45407.362301,4,0,0,1005635,1
45413.475398,4,0,0,1005443,1
45419.059365,4,0,0,1005186,1
45420.059670,4,0,0,1005176,1
45427.375606,4,0,0,1005023,1
45429.000576,4,0,0,1004974,1
45429.079860,4,0,0,1004985,1
45429.285862,4,0,0,1004944,1
45438.050854,4,0,0,1004988,1
45444.297737,4,0,0,1004874,1
45445.000617,4,0,0,1004968,1
45457.000110,4,0,0,1004896,1
45458.246759,4,0,0,1004913,1
45463.554496,4,0,0,1004840,1
45470.875579,4,0,0,1004815,1
45471.215509,4,0,0,1004827,1
45471.735204,4,0,0,1004840,1
45476.235890,4,0,0,1004977,1
45477.087757,4,0,0,1004957,1
45478.170081,4,0,0,1004954,1
45480.002427,4,0,0,1004983,1
45480.640039,4,0,0,1004967,1
45488.745758,4,0,0,1004771,1
45492.575120,4,0,0,1004877,1
45493.181150,4,0,0,1004821,1
45502.513474,4,0,0,1004630,1
45507.801908,4,0,0,1004611,1
45508.630103,4,0,0,1004582,1
45511.722453,4,0,0,1004475,1
45527.786142,4,0,0,1004294,1
45537.222715,4,0,0,1004337,1
45549.737395,4,0,0,1004414,1
45561.481489,4,0,0,1004662,1
45561.559215,4,0,0,1004641,1
45564.647934,4,0,0,1004831,1
45566.608086,4,0,0,1004816,1
45577.888916,4,0,0,1004589,1
45579.682223,4,0,0,1004567,1
45583.354960,4,0,0,1004563,1
45597.447591,4,0,0,1004477,1
45605.076851,4,0,0,1004429,1
45606.928335,4,0,0,1004360,1
45609.656239,4,0,0,1004336,1
45612.808025,4,0,0,1004493,1
45617.693710,4,0,0,1004624,1
45623.269970,4,0,0,1004638,1
45624.154750,4,0,0,1004677,1
45628.518993,4,0,0,1004542,1
45638.701019,4,0,0,1004292,1
45642.427160,4,0,0,1004310,1
45649.443525,4,0,0,1004446,1
45649.849177,4,0,0,1004469,1
45652.303280,4,0,0,1004455,1
45655.845128,4,0,0,1004350,1
45656.293261,4,0,0,1004290,1
45656.298917,4,0,0,1004286,1
45667.045463,4,0,0,1004351,1
45684.676408,4,0,0,1004305,1
45687.474863,4,0,0,1004171,1
45693.773809,4,0,0,1004450,1
45694.157687,4,0,0,1004426,1
45697.120735,4,0,0,1004320,1
45698.963068,4,0,0,1004347,1
45702.800039,4,0,0,1004374,1
45709.223056,4,0,0,1004373,1
45711.744523,4,0,0,1004376,1
45713.193152,4,0,0,1004410,1
45734.980225,4,0,0,1003744,1
45738.393867,4,0,0,1003676,1
45744.372559,4,0,0,1003635,1
45757.847293,4,0,0,1003545,1
45757.943297,4,0,0,1003558,1
45764.735183,4,0,0,1003660,1
45772.244206,4,0,0,1003631,1
45776.537287,4,0,0,1003553,1
45777.335574,4,0,0,1003642,1
45788.972722,4,0,0,1003545,1
45791.073397,4,0,0,1003454,1
45798.427394,4,0,0,1003655,1
45798.791247,4,0,0,1003642,1
45800.088936,4,0,0,1003597,1
45801.519238,4,0,0,1003554,1
45807.615492,4,0,0,1003595,1
45809.101862,4,0,0,1003594,1
45809.691296,4,0,0,1003609,1
45822.158196,4,0,0,1003725,1
45825.538174,4,0,0,1003603,1
45827.201200,4,0,0,1003573,1
45829.996861,4,0,0,1003528,1
45848.096536,4,0,0,1003973,1
45851.638420,4,0,0,1003975,1
45853.519407,4,0,0,1004048,1
45856.544976,4,0,0,1003924,1
45862.329443,4,0,0,1004080,1
45876.320419,4,0,0,1004376,1
45880.691836,4,0,0,1004395,1
45882.480465,4,0,0,1004513,1
45888.914644,4,0,0,1004547,1
45890.362520,4,0,0,1004568,1
45895.637264,4,0,0,1004609,1
45895.821817,4,0,0,1004587,1
45896.826877,4,0,0,1004540,1
45899.772844,4,0,0,1004668,1
45902.125781,4,0,0,1004572,1
45918.862697,4,0,0,1004802,1
45920.025773,4,0,0,1004881,1
45922.328538,4,0,0,1004786,1
45923.016520,4,0,0,1004857,1
45942.949168,4,0,0,1004854,1
45951.273009,4,0,0,1004850,1
45957.803512,4,0,0,1004731,1
45961.986672,4,0,0,1004588,1
45965.896944,4,0,0,1004663,1
45970.435506,4,0,0,1004554,1
45970.437457,4,0,0,1004551,1
45977.049918,4,0,0,1004637,1
45979.255932,4,0,0,1004666,1
45980.856988,4,0,0,1004767,1
45982.980365,4,0,0,1004644,1
45984.099586,4,0,0,1004578,1
45985.490813,4,0,0,1004565,1
45986.328853,4,0,0,1004575,1
45988.743605,4,0,0,1004515,1
45995.225067,4,0,0,1004564,1
45996.280287,4,0,0,1004572,1
46000.628000,4,0,0,1004655,1
46002.715698,4,0,0,1004657,1
46018.338195,4,0,0,1004542,1
46020.393719,4,0,0,1004545,1
46022.430443,4,0,0,1004551,1
46028.109197,4,0,0,1004533,1
46038.219456,4,0,0,1004397,1
46041.773641,4,0,0,1004393,1
46043.614364,4,0,0,1004410,1
46043.690820,4,0,0,1004415,1
46046.821651,4,0,0,1004223,1
46053.586486,4,0,0,1004315,1
46053.982107,4,0,0,1004328,1
46055.480730,4,0,0,1004268,1
46056.595340,4,0,0,1004306,1
46059.076752,4,0,0,1004366,1
46064.417911,4,0,0,1004398,1
46064.788540,4,0,0,1004394,1
46071.393072,4,0,0,1004519,1
46081.109382,4,0,0,1004563,1
46081.808536,4,0,0,1004538,1
46092.642934,4,0,0,1004494,1
46095.733666,4,0,0,1004575,1
46098.125643,4,0,0,1004649,1
46100.228772,4,0,0,1004652,1
46110.342180,4,0,0,1004591,1
46114.883983,4,0,0,1004660,1
46119.819978,4,0,0,1004592,1
46121.340979,4,0,0,1004502,1
46123.112593,4,0,0,1004526,1
46125.662238,4,0,0,1004395,1
46129.889882,4,0,0,1004332,1
46145.219163,4,0,0,1004427,1
46146.162177,4,0,0,1004405,1
46151.381083,4,0,0,1004221,1
46152.002339,4,0,0,1004190,1
46160.379832,4,0,0,1003970,1
46165.424010,4,0,0,1003882,1
46170.501193,4,0,0,1003862,1
46176.901789,4,0,0,1003669,1
46184.466009,4,0,0,1003553,1
46184.499046,4,0,0,1003552,1
46187.403722,4,0,0,1003734,1
46200.405795,4,0,0,1003811,1
46206.207150,4,0,0,1003657,1
46208.428588,4,0,0,1003758,1
46213.339373,4,0,0,1003910,1
46215.830987,4,0,0,1004017,1
46231.157388,4,0,0,1004391,1
46241.187961,4,0,0,1004231,1
46242.195992,4,0,0,1004324,1
46245.789945,4,0,0,1004388,1
46251.329965,4,0,0,1004522,1
46252.269029,4,0,0,1004526,1
46254.619448,4,0,0,1004534,1
46274.768427,4,0,0,1004541,1
46276.628541,4,0,0,1004559,1
46280.318534,4,0,0,1004621,1
46282.195721,4,0,0,1004625,1
46301.301945,4,0,0,1004756,1
46301.609953,4,0,0,1004752,1
46311.617075,4,0,0,1005003,1
46317.443165,4,0,0,1005069,1
46323.774919,4,0,0,1005128,1
46327.423145,4,0,0,1005145,1
46327.870036,4,0,0,1005112,1
46333.772512,4,0,0,1005219,1
46341.235125,4,0,0,1005193,1
46344.740556,4,0,0,1005218,1
46348.739125,4,0,0,1005303,1
46351.707200,4,0,0,1005371,1
46352.150905,4,0,0,1005403,1
46357.131662,4,0,0,1005318,1
46357.175285,4,0,0,1005328,1
46359.799459,4,0,0,1005385,1
46361.530744,4,0,0,1005394,1
46363.611025,4,0,0,1005421,1
46368.990811,4,0,0,1005189,1
46370.193356,4,0,0,1005265,1
46370.531974,4,0,0,1005269,1
46376.058553,4,0,0,1005312,1
46380.842162,4,0,0,1005167,1
46383.790562,4,0,0,1005181,1
46385.007952,4,0,0,1005222,1
46387.725374,4,0,0,1005163,1
46389.728648,4,0,0,1005126,1
46392.292482,4,0,0,1005188,1
46399.875651,4,0,0,1005194,1
46402.449741,4,0,0,1005251,1
46405.883372,4,0,0,1005131,1
46406.361432,4,0,0,1005133,1
46406.747421,4,0,0,1005146,1
46406.879114,4,0,0,1005162,1
46409.066621,4,0,0,1005268,1
46410.820175,4,0,0,1005175,1
46421.335503,4,0,0,1004994,1
46423.100061,4,0,0,1004960,1
46437.533519,4,0,0,1005226,1
46440.905121,4,0,0,1005237,1
46442.921156,4,0,0,1005142,1
46443.833268,4,0,0,1005165,1
46447.613202,4,0,0,1005076,1
46452.054598,4,0,0,1005094,1
46459.402602,4,0,0,1005095,1
46460.153745,4,0,0,1005103,1
46470.678474,4,0,0,1004807,1
46476.237087,4,0,0,1004912,1
46480.070684,4,0,0,1004944,1
46480.205597,4,0,0,1004972,1
46490.796261,4,0,0,1004966,1
46497.469787,4,0,0,1005034,1
46497.584066,4,0,0,1005002,1
46499.886186,4,0,0,1004997,1
46507.794243,4,0,0,1004849,1
46508.511023,4,0,0,1004893,1
46508.947616,4,0,0,1004877,1
46513.869776,4,0,0,1004992,1
46517.142253,4,0,0,1004954,1
46517.766179,4,0,0,1004936,1
46520.703030,4,0,0,1004971,1
46522.424668,4,0,0,1005019,1
46524.176205,4,0,0,1005014,1
46531.982120,4,0,0,1005110,1
46534.564022,4,0,0,1005086,1
46534.735336,4,0,0,1005087,1
46538.169859,4,0,0,1005139,1
46545.751512,4,0,0,1005264,1
46546.539237,4,0,0,1005292,1
46552.383487,4,0,0,1005158,1
46553.567628,4,0,0,1005163,1
46553.969530,4,0,0,1005194,1
46556.270417,4,0,0,1005125,1
46557.180331,4,0,0,1005046,1
46562.920709,4,0,0,1004932,1
46572.882175,4,0,0,1004973,1
46575.936903,4,0,0,1004892,1
46578.915682,4,0,0,1004850,1
46585.832105,4,0,0,1004771,1
46591.529557,4,0,0,1004682,1
46592.250138,4,0,0,1004704,1
46604.837264,4,0,0,1004626,1
46606.168177,4,0,0,1004602,1
46608.525074,4,0,0,1004659,1
46609.764110,4,0,0,1004619,1
46612.901431,4,0,0,1004636,1
46617.258859,4,0,0,1004780,1
46619.419040,4,0,0,1004786,1
46619.798258,4,0,0,1004774,1
46627.406229,4,0,0,1004822,1
46629.314059,4,0,0,1004910,1
46636.585232,4,0,0,1004855,1
46671.585412,4,0,0,1004761,1
46671.626993,4,0,0,1004756,1
46672.883424,4,0,0,1004710,1
46682.484678,4,0,0,1004532,1
46684.087558,4,0,0,1004656,1
46684.793655,4,0,0,1004711,1
46687.108333,4,0,0,1004733,1
46687.513870,4,0,0,1004746,1
46693.765920,4,0,0,1004825,1
46694.187677,4,0,0,1004847,1
46700.280268,4,0,0,1005139,1
46701.784497,4,0,0,1005138,1
46702.119311,4,0,0,1005111,1
46708.960613,4,0,0,1005085,1
46712.867772,4,0,0,1005076,1
46714.392365,4,0,0,1005122,1
46720.219575,4,0,0,1005140,1
46723.446652,4,0,0,1005217,1
46725.175096,4,0,0,1005176,1
46726.577806,4,0,0,1005104,1
46731.314635,4,0,0,1005098,1
46736.709754,4,0,0,1005061,1
46737.803335,4,0,0,1005102,1
46745.269701,4,0,0,1004967,1
46753.263426,4,0,0,1004943,1
46755.978629,4,0,0,1005028,1
46756.080875,4,0,0,1005010,1
46757.968749,4,0,0,1005005,1
46766.556557,4,0,0,1005123,1
46775.392402,4,0,0,1005155,1
46795.917730,4,0,0,1005230,1
46797.042670,4,0,0,1005227,1
46801.193875,4,0,0,1005159,1
46802.415654,4,0,0,1005040,1
46804.171950,4,0,0,1005104,1
46809.723268,4,0,0,1004926,1
46814.534954,4,0,0,1004949,1
46815.219600,4,0,0,1004908,1
46819.933083,4,0,0,1004796,1
46825.287107,4,0,0,1004822,1
46825.821990,4,0,0,1004852,1
46827.156747,4,0,0,1004794,1
46827.329053,4,0,0,1004783,1
46846.458151,4,0,0,1004776,1
46851.671155,4,0,0,1004873,1
46856.584862,4,0,0,1004743,1
46859.870231,4,0,0,1004690,1
46869.313553,4,0,0,1004643,1
46877.490022,4,0,0,1004856,1
46877.778373,4,0,0,1004838,1
46879.090384,4,0,0,1004849,1
46880.840579,4,0,0,1004885,1
46884.804164,4,0,0,1004902,1
46894.363874,4,0,0,1004995,1
46902.069579,4,0,0,1004825,1
46919.165909,4,0,0,1005001,1
46926.872683,4,0,0,1005152,1
46930.072533,4,0,0,1005142,1
46933.402216,4,0,0,1005118,1
46937.693679,4,0,0,1005018,1
46938.790119,4,0,0,1005084,1
46940.915993,4,0,0,1005134,1
46944.076783,4,0,0,1005255,1
46960.403261,4,0,0,1005535,1
46962.086707,4,0,0,1005627,1
46969.239292,4,0,0,1005484,1
46970.391608,4,0,0,1005434,1
46971.139293,4,0,0,1005425,1
46979.133942,4,0,0,1005215,1
46980.001769,4,0,0,1005119,1
46982.989178,4,0,0,1005049,1
46985.383425,4,0,0,1005085,1
46986.657674,4,0,0,1005166,1
46990.416547,4,0,0,1005168,1
47005.232799,4,0,0,1005303,1
47006.446169,4,0,0,1005290,1
47023.533982,4,0,0,1005364,1
47028.174627,4,0,0,1005470,1
47030.108889,4,0,0,1005447,1
47043.239043,4,0,0,1005582,1
47050.132638,4,0,0,1005754,1
47056.485226,4,0,0,1005686,1
47058.971745,4,0,0,1005598,1
47062.598144,4,0,0,1005575,1
47073.224332,4,0,0,1005535,1
47074.006777,4,0,0,1005510,1
47079.030689,4,0,0,1005600,1
47079.722595,4,0,0,1005659,1
47084.250983,4,0,0,1005600,1
47085.193184,4,0,0,1005571,1
47097.538675,4,0,0,1005740,1
47105.229425,4,0,0,1005951,1
47105.264215,4,0,0,1005968,1
47113.604747,4,0,0,1005632,1
47114.349855,4,0,0,1005623,1
47116.537444,4,0,0,1005556,1
47117.033780,4,0,0,1005511,1
47125.435431,4,0,0,1005601,1
47125.874856,4,0,0,1005618,1
47137.505739,4,0,0,1005755,1
47141.600397,4,0,0,1005762,1
47153.359416,4,0,0,1005514,1
47159.640257,4,0,0,1005483,1
47173.390196,4,0,0,1005704,1
47174.265559,4,0,0,1005631,1
47190.205181,4,0,0,1005730,1
47194.179271,4,0,0,1005570,1
47197.400621,4,0,0,1005629,1
47205.317786,4,0,0,1005341,1
47211.245187,4,0,0,1005269,1
47211.858994,4,0,0,1005290,1
47219.070406,4,0,0,1005384,1
47220.086578,4,0,0,1005345,1
47227.566733,4,0,0,1005419,1
47233.702884,4,0,0,1005379,1
47234.052252,4,0,0,1005362,1
47238.266872,4,0,0,1005242,1
47241.675391,4,0,0,1005335,1
47244.176256,4,0,0,1005416,1
47256.896680,4,0,0,1005370,1
47259.562997,4,0,0,1005356,1
47261.267962,4,0,0,1005315,1
47264.236897,4,0,0,1005289,1
47299.748446,4,0,0,1005177,1
47304.533180,4,0,0,1005096,1
47314.934391,4,0,0,1005086,1
47319.188904,4,0,0,1005017,1
47321.684592,4,0,0,1005092,1
47326.726680,4,0,0,1005130,1
47332.007914,4,0,0,1005081,1
47336.989701,4,0,0,1004954,1
47341.155022,4,0,0,1005060,1
47348.641650,4,0,0,1004951,1
47361.400821,4,0,0,1004893,1
47379.723411,4,0,0,1004727,1
47385.754092,4,0,0,1004681,1
47387.150144,4,0,0,1004694,1
47388.364835,4,0,0,1004669,1
47390.411138,4,0,0,1004665,1
47397.011149,4,0,0,1004736,1
47401.030146,4,0,0,1004779,1
47425.517649,4,0,0,1004904,1
47425.920966,4,0,0,1004891,1
47426.994056,4,0,0,1004921,1
47427.022155,4,0,0,1004941,1
47427.449434,4,0,0,1004979,1
47432.381358,4,0,0,1004913,1
47432.956582,4,0,0,1004901,1
47440.877574,4,0,0,1004827,1
47441.037457,4,0,0,1004824,1
47448.120394,4,0,0,1005018,1
47449.174626,4,0,0,1004992,1
47459.023907,4,0,0,1004984,1
47460.913881,4,0,0,1004998,1
47462.983593,4,0,0,1004976,1
47466.151366,4,0,0,1004930,1
47466.678537,4,0,0,1004984,1
47469.873122,4,0,0,1004875,1
47478.061502,4,0,0,1004863,1
47478.625616,4,0,0,1004774,1
47479.506985,4,0,0,1004780,1
47480.513478,4,0,0,1004816,1
47492.371253,4,0,0,1004581,1
47498.172019,4,0,0,1004419,1
47506.709178,4,0,0,1004611,1
47516.436584,4,0,0,1004367,1
47518.134524,4,0,0,1004305,1
47522.683847,4,0,0,1004291,1
47526.495389,4,0,0,1004187,1
47528.344077,4,0,0,1004132,1
47528.854654,4,0,0,1004147,1
47530.713214,4,0,0,1004188,1
47533.751846,4,0,0,1004161,1
47537.436322,4,0,0,1004154,1
47542.216864,4,0,0,1004076,1
47545.699284,4,0,0,1004029,1
47551.208118,4,0,0,1004094,1
47558.675799,4,0,0,1004387,1
47562.929624,4,0,0,1004486,1
47563.635899,4,0,0,1004491,1
47563.743054,4,0,0,1004487,1
47567.454119,4,0,0,1004346,1
47568.804974,4,0,0,1004387,1
47576.379760,4,0,0,1004401,1
47576.564938,4,0,0,1004427,1
47579.872651,4,0,0,1004420,1
47581.623945,4,0,0,1004430,1
47582.541992,4,0,0,1004496,1
47588.255629,4,0,0,1004448,1
47589.222760,4,0,0,1004452,1
47589.881693,4,0,0,1004431,1
47594.814539,4,0,0,1004402,1
47599.514191,4,0,0,1004400,1
47604.367217,4,0,0,1004327,1
47605.334917,4,0,0,1004323,1
47608.660778,4,0,0,1004256,1
47617.527384,4,0,0,1004157,1
47617.550550,4,0,0,1004151,1
47619.378050,4,0,0,1004214,1
47620.483833,4,0,0,1004223,1
47627.348389,4,0,0,1004135,1
47629.127602,4,0,0,1004216,1
47631.559843,4,0,0,1004267,1
47632.905548,4,0,0,1004325,1
47640.888543,4,0,0,1004424,1
47645.643215,4,0,0,1004383,1
47650.722592,4,0,0,1004388,1
47657.347759,4,0,0,1004349,1
47660.462373,4,0,0,1004432,1
47663.772268,4,0,0,1004544,1
47671.142629,4,0,0,1004541,1
47681.070353,4,0,0,1004501,1
47685.435199,4,0,0,1004580,1
47687.021111,4,0,0,1004588,1
47687.436263,4,0,0,1004577,1
47692.977973,4,0,0,1004546,1
47697.639211,4,0,0,1004610,1
47699.427364,4,0,0,1004482,1
47708.952337,4,0,0,1004501,1
47709.798848,4,0,0,1004428,1
47716.017974,4,0,0,1004496,1
47718.724851,4,0,0,1004437,1
47725.216742,4,0,0,1004534,1
47729.543560,4,0,0,1004466,1
47736.327747,4,0,0,1004598,1
47737.133535,4,0,0,1004629,1
47739.255169,4,0,0,1004527,1
47747.452217,4,0,0,1004630,1
47751.161363,4,0,0,1004701,1
47754.977146,4,0,0,1004715,1
47767.342695,4,0,0,1005034,1
47772.231465,4,0,0,1005061,1
47783.954184,4,0,0,1005043,1
47787.967741,4,0,0,1005007,1
47794.371223,4,0,0,1005213,1
47796.410928,4,0,0,1005111,1
47813.027988,4,0,0,1005082,1
47815.553947,4,0,0,1005064,1
47821.568883,4,0,0,1005048,1
47822.961787,4,0,0,1004993,1
47825.899067,4,0,0,1004943,1
47828.312283,4,0,0,1005039,1
47830.718552,4,0,0,1005065,1
47831.309290,4,0,0,1005056,1
47833.259858,4,0,0,1005001,1
47839.325908,4,0,0,1004876,1
47849.802345,4,0,0,1005036,1
47854.869180,4,0,0,1004811,1
47856.297048,4,0,0,1004784,1
47867.681685,4,0,0,1005136,1
47872.713928,4,0,0,1005162,1
47878.267530,4,0,0,1005328,1
47881.224964,4,0,0,1005295,1
47890.478213,4,0,0,1005396,1
47900.862836,4,0,0,1005697,1
47904.213878,4,0,0,1005744,1
47907.847019,4,0,0,1005782,1
47908.142980,4,0,0,1005815,1
47911.326273,4,0,0,1005865,1
47919.239816,4,0,0,1005833,1
47921.266838,4,0,0,1005840,1
47923.400630,4,0,0,1005777,1
47923.718759,4,0,0,1005806,1
47927.801486,4,0,0,1005772,1
47935.564465,4,0,0,1005740,1
47936.325894,4,0,0,1005723,1
47944.580566,4,0,0,1005705,1
47949.617177,4,0,0,1005713,1
47956.831304,4,0,0,1005898,1
47960.567748,4,0,0,1005689,1
47963.065971,4,0,0,1005664,1
47968.692924,4,0,0,1005730,1
47970.394100,4,0,0,1005905,1
47973.498813,4,0,0,1005705,1
47980.169505,4,0,0,1005570,1
47981.829680,4,0,0,1005548,1
47985.219637,4,0,0,1005450,1
47991.432795,4,0,0,1005490,1
47993.444884,4,0,0,1005459,1
47993.501510,4,0,0,1005462,1
48002.039761,4,0,0,1005452,1
48005.338228,4,0,0,1005376,1
48013.932303,4,0,0,1005380,1
48014.858332,4,0,0,1005400,1
48016.264528,4,0,0,1005441,1
48032.240811,4,0,0,1005462,1
48049.224241,4,0,0,1005479,1
48055.154385,4,0,0,1005703,1
48065.532263,4,0,0,1005713,1
48067.689362,4,0,0,1005641,1
48072.280160,4,0,0,1005515,1
48075.473003,4,0,0,1005581,1
48077.506801,4,0,0,1005568,1
48079.363530,4,0,0,1005487,1
48080.678416,4,0,0,1005532,1
48082.632343,4,0,0,1005486,1
48086.716802,4,0,0,1005388,1
48087.348662,4,0,0,1005281,1
48092.078004,4,0,0,1005223,1
48095.163019,4,0,0,1005409,1
48099.993420,4,0,0,1005392,1
48100.501810,4,0,0,1005347,1
48106.097275,4,0,0,1005397,1
48107.064755,4,0,0,1005410,1
48117.529908,4,0,0,1005315,1
48130.681291,4,0,0,1005064,1
48132.488783,4,0,0,1004991,1
48140.345317,4,0,0,1004987,1
48144.549692,4,0,0,1005075,1
48147.431425,4,0,0,1004864,1
48147.554185,4,0,0,1004864,1
48148.557698,4,0,0,1004834,1
48157.333546,4,0,0,1004987,1
48162.271684,4,0,0,1004859,1
48164.100693,4,0,0,1004891,1
48166.298229,4,0,0,1004858,1
48168.341037,4,0,0,1004944,1
48168.674188,4,0,0,1004966,1
48170.977349,4,0,0,1004948,1
48172.901042,4,0,0,1004930,1
48174.447504,4,0,0,1004910,1
48185.243587,4,0,0,1004882,1
48191.938862,4,0,0,1004799,1
48194.199843,4,0,0,1004887,1
48198.817798,4,0,0,1005016,1
48207.309920,4,0,0,1004891,1
48218.061643,4,0,0,1004921,1
48224.400735,4,0,0,1004879,1
48249.802695,4,0,0,1004642,1
48252.977082,4,0,0,1004600,1
48258.046817,4,0,0,1004602,1
48265.286681,4,0,0,1004896,1
48265.543782,4,0,0,1004874,1
48268.210375,4,0,0,1004783,1
48269.283350,4,0,0,1004760,1
48269.421819,4,0,0,1004765,1
48272.375482,4,0,0,1004657,1
48273.136358,4,0,0,1004624,1
48275.391916,4,0,0,1004591,1
48281.535125,4,0,0,1004468,1
48284.510475,4,0,0,1004331,1
48292.288776,4,0,0,1004323,1
48292.410413,4,0,0,1004327,1
48296.084861,4,0,0,1004354,1
48305.156835,4,0,0,1004621,1
48306.625801,4,0,0,1004569,1
48311.613731,4,0,0,1004525,1
48315.210540,4,0,0,1004518,1
48316.486321,4,0,0,1004504,1
48322.154573,4,0,0,1004572,1
48329.320255,4,0,0,1004617,1
48330.056080,4,0,0,1004576,1
48332.834543,4,0,0,1004498,1
48335.417114,4,0,0,1004493,1
48337.487395,4,0,0,1004378,1
48338.853815,4,0,0,1004324,1
48350.014484,4,0,0,1004568,1
48353.968134,4,0,0,1004585,1
48356.865002,4,0,0,1004500,1
48358.271421,4,0,0,1004555,1
48360.279171,4,0,0,1004544,1
48367.225205,4,0,0,1004707,1
48377.804496,4,0,0,1004667,1
48391.567209,4,0,0,1004658,1
48393.072371,4,0,0,1004610,1
48395.872951,4,0,0,1004650,1
48399.291818,4,0,0,1004536,1
48401.115692,4,0,0,1004547,1
48401.739397,4,0,0,1004548,1
48410.115317,4,0,0,1004588,1
48411.845856,4,0,0,1004548,1
48432.329433,4,0,0,1004261,1
48433.062893,4,0,0,1004228,1
48435.258958,4,0,0,1004341,1
48446.669930,4,0,0,1004600,1
48451.673545,4,0,0,1004648,1
48454.458425,4,0,0,1004663,1
48454.472278,4,0,0,1004657,1
48455.411428,4,0,0,1004643,1
48463.856893,4,0,0,1004421,1
48474.199510,4,0,0,1004648,1
48475.430572,4,0,0,1004644,1
48477.637728,4,0,0,1004680,1
48480.234434,4,0,0,1004569,1
48487.277531,4,0,0,1004346,1
48488.660521,4,0,0,1004297,1
48489.865638,4,0,0,1004250,1
48489.953298,4,0,0,1004227,1
48491.181369,4,0,0,1004315,1
48494.138869,4,0,0,1004414,1
48515.037473,4,0,0,1004668,1
48524.937849,4,0,0,1004675,1
48531.202920,4,0,0,1004705,1
48533.636781,4,0,0,1004477,1
48534.801197,4,0,0,1004528,1
48539.918409,4,0,0,1004429,1
48542.837179,4,0,0,1004309,1
48553.018948,4,0,0,1004307,1
48556.373761,4,0,0,1004302,1
48561.151311,4,0,0,1004435,1
48563.221107,4,0,0,1004382,1
48563.569321,4,0,0,1004371,1
48564.126893,4,0,0,1004312,1
48567.721233,4,0,0,1004275,1
48574.706083,4,0,0,1004510,1
48574.781451,4,0,0,1004506,1
48575.026503,4,0,0,1004491,1
48578.662223,4,0,0,1004409,1
48584.802385,4,0,0,1004548,1
48593.525712,4,0,0,1004465,1
48601.898535,4,0,0,1004455,1
48603.543766,4,0,0,1004421,1
48605.070409,4,0,0,1004413,1
48607.307323,4,0,0,1004405,1
48612.316165,4,0,0,1004299,1
48617.613239,4,0,0,1004337,1
48622.353182,4,0,0,1004440,1
48632.723167,4,0,0,1004167,1
48632.761768,4,0,0,1004170,1
48637.510164,4,0,0,1004176,1
48639.994819,4,0,0,1004270,1
48640.310718,4,0,0,1004299,1
48641.721513,4,0,0,1004274,1
48643.393975,4,0,0,1004283,1
48645.556009,4,0,0,1004189,1
48646.805962,4,0,0,1004134,1
48652.501916,4,0,0,1004138,1
48657.413851,4,0,0,1004108,1
48658.677203,4,0,0,1004107,1
48665.282833,4,0,0,1004014,1
48669.207690,4,0,0,1003647,1
48671.660431,4,0,0,1003643,1
48673.845998,4,0,0,1003564,1
48682.462282,4,0,0,1003759,1
48683.212095,4,0,0,1003639,1
48683.363854,4,0,0,1003655,1
48683.827222,4,0,0,1003578,1
48689.297020,4,0,0,1003641,1
48689.940193,4,0,0,1003711,1
48701.887201,4,0,0,1003650,1
48706.020008,4,0,0,1003561,1
48706.227761,4,0,0,1003542,1
48709.737203,4,0,0,1003611,1
48724.537467,4,0,0,1003757,1
48730.382092,4,0,0,1003673,1
48731.596804,4,0,0,1003740,1
48731.970919,4,0,0,1003703,1
48732.452512,4,0,0,1003696,1
48735.096384,4,0,0,1003574,1
48753.748268,4,0,0,1003417,1
48756.115115,4,0,0,1003309,1
48758.206870,4,0,0,1003314,1
48761.765357,4,0,0,1003442,1
48761.933285,4,0,0,1003411,1
48762.653719,4,0,0,1003401,1
48768.645364,4,0,0,1003405,1
48778.330771,4,0,0,1003561,1
48784.126823,4,0,0,1003581,1
48785.320055,4,0,0,1003620,1
48790.199493,4,0,0,1003735,1
48801.387138,4,0,0,1003599,1
48817.913606,4,0,0,1003497,1
48824.694599,4,0,0,1003604,1
48835.385468,4,0,0,1003584,1
48838.275217,4,0,0,1003479,1
48838.472684,4,0,0,1003516,1
48847.583156,4,0,0,1003753,1
48848.038341,4,0,0,1003727,1
48853.478491,4,0,0,1003754,1
48863.681152,4,0,0,1003866,1
48865.996861,4,0,0,1003801,1
48869.455541,4,0,0,1003821,1
48880.363873,4,0,0,1003671,1
48890.075884,4,0,0,1003365,1
48891.599383,4,0,0,1003421,1
48893.016718,4,0,0,1003383,1
48895.440125,4,0,0,1003358,1
48895.848345,4,0,0,1003314,1
48904.605100,4,0,0,1003298,1
48906.048776,4,0,0,1003242,1
48909.890804,4,0,0,1003197,1
48916.600930,4,0,0,1003276,1
48917.400980,4,0,0,1003360,1
48918.860162,4,0,0,1003349,1
48921.580226,4,0,0,1003396,1
48922.048539,4,0,0,1003362,1
48922.177863,4,0,0,1003356,1
48923.822733,4,0,0,1003289,1
48926.209733,4,0,0,1003334,1
48926.542054,4,0,0,1003326,1
48926.801172,4,0,0,1003307,1
48945.877701,4,0,0,1003594,1
48959.017380,4,0,0,1003565,1
48966.944280,4,0,0,1003448,1
48991.009340,4,0,0,1004035,1
48993.422528,4,0,0,1003912,1
48993.883521,4,0,0,1003921,1
48996.239225,4,0,0,1004014,1
48997.974533,4,0,0,1004059,1
49003.186895,4,0,0,1004044,1
49006.450590,4,0,0,1004087,1
49007.505911,4,0,0,1004145,1
49011.740756,4,0,0,1004054,1
49017.722256,4,0,0,1004128,1
49017.945204,4,0,0,1004163,1
49034.973558,4,0,0,1003849,1
49042.416161,4,0,0,1004124,1
49042.791646,4,0,0,1004098,1
49043.350451,4,0,0,1004127,1
49043.526302,4,0,0,1004132,1
49059.076500,4,0,0,1003821,1
49064.009412,4,0,0,1003699,1
49068.938619,4,0,0,1003831,1
49073.404481,4,0,0,1003887,1
49077.515081,4,0,0,1003875,1
49082.430500,4,0,0,1003792,1
49085.037781,4,0,0,1003898,1
49085.241252,4,0,0,1003924,1
49091.116279,4,0,0,1003873,1
49098.385061,4,0,0,1003902,1
49103.614988,4,0,0,1003847,1
49114.898242,4,0,0,1003978,1
49122.328746,4,0,0,1003432,1
49128.177255,4,0,0,1003495,1
49128.202965,4,0,0,1003488,1
49151.009000,4,0,0,1003395,1
49154.466916,4,0,0,1003439,1
49158.114361,4,0,0,1003301,1
49172.422091,4,0,0,1003339,1
49174.785474,4,0,0,1003253,1
49188.457851,4,0,0,1003105,1
49211.891910,4,0,0,1003371,1
49213.928099,4,0,0,1003442,1
49218.076730,4,0,0,1003538,1
49224.429114,4,0,0,1003557,1
49229.729407,4,0,0,1003432,1
49242.936903,4,0,0,1003407,1
49248.931660,4,0,0,1003269,1
49250.366784,4,0,0,1003318,1
49261.189204,4,0,0,1003291,1
49271.794749,4,0,0,1003302,1
49282.997596,4,0,0,1003396,1
49284.241171,4,0,0,1003428,1
49290.751308,4,0,0,1003373,1
49297.561334,4,0,0,1003451,1
49305.794283,4,0,0,1003501,1
49323.794014,4,0,0,1003602,1
49325.394790,4,0,0,1003660,1
49332.448032,4,0,0,1003456,1
49333.245827,4,0,0,1003517,1
49344.919535,4,0,0,1003174,1
49350.641526,4,0,0,1003122,1
49357.904153,4,0,0,1003104,1
49358.627101,4,0,0,1003120,1
49375.813087,4,0,0,1003300,1
49389.859766,4,0,0,1003250,1
49395.244332,4,0,0,1003423,1
49399.221633,4,0,0,1003439,1
49401.724740,4,0,0,1003526,1
49416.869299,4,0,0,1003546,1
49421.865145,4,0,0,1003315,1
49425.573208,4,0,0,1003388,1
49426.524486,4,0,0,1003531,1
49427.802326,4,0,0,1003587,1
49434.943757,4,0,0,1003204,1
49443.558139,4,0,0,1003345,1
49445.101244,4,0,0,1003356,1
49458.546740,4,0,0,1003373,1
49462.164930,4,0,0,1003392,1
49465.608305,4,0,0,1003468,1
49466.500983,4,0,0,1003410,1
49475.832781,4,0,0,1003296,1
49481.088787,4,0,0,1003332,1
49483.310216,4,0,0,1003508,1
49488.079108,4,0,0,1003507,1
49490.185670,4,0,0,1003509,1
49491.180567,4,0,0,1003534,1
49501.716289,4,0,0,1004088,1
49502.390965,4,0,0,1004126,1
49519.541166,4,0,0,1004009,1
49520.345857,4,0,0,1004036,1
49521.410555,4,0,0,1003952,1
49521.580279,4,0,0,1003918,1
49525.166610,4,0,0,1003796,1
49532.966803,4,0,0,1003987,1
49537.349310,4,0,0,1003987,1
49538.508249,4,0,0,1004021,1
49542.580771,4,0,0,1004284,1
49543.101029,4,0,0,1004315,1
49568.633161,4,0,0,1004407,1
49572.093193,4,0,0,1004593,1
49576.210399,4,0,0,1004582,1
49578.195863,4,0,0,1004651,1
49585.175834,4,0,0,1004585,1
49589.081535,4,0,0,1004653,1
49596.249474,4,0,0,1004787,1
49596.663390,4,0,0,1004806,1
49612.731864,4,0,0,1004731,1
49615.699843,4,0,0,1004588,1
49618.944843,4,0,0,1004477,1
49620.630892,4,0,0,1004439,1
49626.408709,4,0,0,1004342,1
49628.071088,4,0,0,1004401,1
49636.526530,4,0,0,1004401,1
49638.578544,4,0,0,1004445,1
49646.082346,4,0,0,1004500,1
49646.249172,4,0,0,1004526,1
49646.441523,4,0,0,1004495,1
49654.594999,4,0,0,1004481,1
49654.676925,4,0,0,1004492,1
49660.335740,4,0,0,1004449,1
49661.224806,4,0,0,1004399,1
49662.213994,4,0,0,1004374,1
49671.934368,4,0,0,1004240,1
49677.744172,4,0,0,1004135,1
49683.288934,4,0,0,1004102,1
49683.410607,4,0,0,1004120,1
49697.041982,4,0,0,1003995,1
49699.950009,4,0,0,1004028,1
49703.434778,4,0,0,1004097,1
49703.487194,4,0,0,1004114,1
49711.647960,4,0,0,1004027,1
49717.390601,4,0,0,1003986,1
49718.536263,4,0,0,1004051,1
49723.774118,4,0,0,1003937,1
49734.361973,4,0,0,1003902,1
49738.102763,4,0,0,1003850,1
49739.955667,4,0,0,1003770,1
49742.405098,4,0,0,1003640,1
49746.796032,4,0,0,1003441,1
49747.418265,4,0,0,1003448,1
49749.268667,4,0,0,1003511,1
49750.138663,4,0,0,1003510,1
49751.160957,4,0,0,1003481,1
49752.545685,4,0,0,1003521,1
49753.633161,4,0,0,1003501,1
49762.156061,4,0,0,1003392,1
49771.572948,4,0,0,1003584,1
49773.218202,4,0,0,1003556,1
49777.679773,4,0,0,1003617,1
49778.081536,4,0,0,1003651,1
49781.555308,4,0,0,1003626,1
49789.539829,4,0,0,1003592,1
49797.173395,4,0,0,1003579,1
49797.904783,4,0,0,1003639,1
49800.347708,4,0,0,1003689,1
49808.145028,4,0,0,1003586,1
49808.750465,4,0,0,1003582,1
49810.163261,4,0,0,1003471,1
49820.322520,4,0,0,1003572,1
49820.785801,4,0,0,1003574,1
49822.181741,4,0,0,1003598,1
49824.078358,4,0,0,1003547,1
49828.111134,4,0,0,1003584,1
49832.546672,4,0,0,1003704,1
49843.196114,4,0,0,1003790,1
49850.003184,4,0,0,1003811,1
49857.609939,4,0,0,1003738,1
49864.819121,4,0,0,1003707,1
49868.125318,4,0,0,1003734,1
49872.797348,4,0,0,1003803,1
49875.364793,4,0,0,1003776,1
49875.933737,4,0,0,1003810,1
49888.724050,4,0,0,1003690,1
49891.556594,4,0,0,1003740,1
49902.902700,4,0,0,1003946,1
49906.901238,4,0,0,1003885,1
49908.106550,4,0,0,1003892,1
49910.223870,4,0,0,1003926,1
49910.322239,4,0,0,1003910,1
49912.895928,4,0,0,1003910,1
49914.186996,4,0,0,1003804,1
49920.055678,4,0,0,1003809,1
49929.965847,4,0,0,1003758,1
49932.697248,4,0,0,1003782,1
49935.796458,4,0,0,1003882,1
49936.529962,4,0,0,1003848,1
49947.530781,4,0,0,1003725,1
49948.387631,4,0,0,1003733,1
49952.866518,4,0,0,1003743,1
49964.242839,4,0,0,1003736,1
49965.854622,4,0,0,1003811,1
49981.663175,4,0,0,1003836,1
49983.005941,4,0,0,1003911,1
49996.156818,4,0,0,1003808,1
49998.586616,4,0,0,1003858,1
50016.271835,4,0,0,1003724,1
50018.452301,4,0,0,1003849,1
50021.388910,4,0,0,1003805,1
50023.177942,4,0,0,1003755,1
50027.798832,4,0,0,1003778,1
50028.436117,4,0,0,1003808,1
50032.527958,4,0,0,1003473,1
50036.636556,4,0,0,1003401,1
50037.305832,4,0,0,1003441,1
50054.524141,4,0,0,1003586,1
50055.483711,4,0,0,1003656,1
50056.843440,4,0,0,1003771,1
50062.682194,4,0,0,1003742,1
50065.563799,4,0,0,1003800,1
50065.743549,4,0,0,1003820,1
50067.186082,4,0,0,1003822,1
50072.490790,4,0,0,1003900,1
50074.106880,4,0,0,1003913,1
50074.654804,4,0,0,1003951,1
50075.338111,4,0,0,1003917,1
50075.731464,4,0,0,1003932,1
50078.119036,4,0,0,1003819,1
50084.513716,4,0,0,1003800,1
50097.722661,4,0,0,1003578,1
50102.674525,4,0,0,1003609,1
50116.056186,4,0,0,1004081,1
50120.697426,4,0,0,1003996,1
50125.867908,4,0,0,1004069,1
50127.318077,4,0,0,1004083,1
50128.398579,4,0,0,1004117,1
50139.921366,4,0,0,1003996,1
50142.849575,4,0,0,1003885,1
50152.558181,4,0,0,1004072,1
50153.193607,4,0,0,1004025,1
50155.605278,4,0,0,1004044,1
50163.118006,4,0,0,1004185,1
50163.381442,4,0,0,1004203,1
50182.633626,4,0,0,1004196,1
50183.223653,4,0,0,1004231,1
50188.161152,4,0,0,1004258,1
50195.074317,4,0,0,1004284,1
50199.940975,4,0,0,1004197,1
50204.775471,4,0,0,1004178,1
50206.952748,4,0,0,1004210,1
50212.404958,4,0,0,1004249,1
50214.981513,4,0,0,1004339,1
50215.537823,4,0,0,1004363,1
50219.807621,4,0,0,1004546,1
50247.981989,4,0,0,1004626,1
50250.573305,4,0,0,1004624,1
50253.349394,4,0,0,1004552,1
50254.693212,4,0,0,1004591,1
50273.047898,4,0,0,1004482,1
50287.866991,4,0,0,1004330,1
50294.093906,4,0,0,1004240,1
50299.772577,4,0,0,1004126,1
50300.540767,4,0,0,1004126,1
50303.873707,4,0,0,1004227,1
50311.494277,4,0,0,1004292,1
50313.629134,4,0,0,1004374,1
50322.249357,4,0,0,1003402,1
50325.328848,4,0,0,1003218,1
50332.447051,4,0,0,1002892,1
50348.588636,4,0,0,1002885,1
50357.890262,4,0,0,1003024,1
50362.630090,4,0,0,1003048,1
50373.129630,4,0,0,1003169,1
50375.061326,4,0,0,1003234,1
50377.406127,4,0,0,1003156,1
50384.657162,4,0,0,1003315,1
50387.287132,4,0,0,1003282,1
50388.041521,4,0,0,1003351,1
50400.749567,4,0,0,1003272,1
50417.011138,4,0,0,1003299,1
50427.097271,4,0,0,1003325,1
50443.692842,4,0,0,1003086,1
50444.092167,4,0,0,1003017,1
50445.958873,4,0,0,1003019,1
50452.121721,4,0,0,1002947,1
50456.847730,4,0,0,1003071,1
50456.961472,4,0,0,1003062,1
50471.732138,4,0,0,1002909,1
