34199.000000,1,0,100,999000,1
34199.000000,1,0,100,999100,1
34199.000000,1,0,100,999200,1
34199.000000,1,0,100,999300,1
34199.000000,1,0,100,999400,1
34199.000000,1,0,100,999500,1
34199.000000,1,0,100,999600,1
34199.000000,1,0,100,999700,1
34199.000000,1,0,100,999800,1
34199.000000,1,0,100,999900,1
34199.000000,1,0,100,1000100,-1
34199.000000,1,0,100,1000200,-1
34199.000000,1,0,100,1000300,-1
34199.000000,1,0,100,1000400,-1
34199.000000,1,0,100,1000500,-1
34199.000000,1,0,100,1000600,-1
34199.000000,1,0,100,1000700,-1
34199.000000,1,0,100,1000800,-1
34199.000000,1,0,100,1000900,-1
34199.000000,1,0,100,1001000,-1
34200.000000,4,0,0,1000000,1
34206.090319,4,0,0,999708,1
34206.090865,4,0,0,999710,1
34207.811726,4,0,0,999643,1
34208.570358,4,0,0,999671,1
34209.033463,4,0,0,999642,1
34210.018691,4,0,0,999730,1
34212.045299,4,0,0,999651,1
34214.461362,4,0,0,999666,1
34218.160890,4,0,0,999721,1
34220.758052,4,0,0,999676,1
34226.283157,4,0,0,999762,1
34227.376459,4,0,0,999782,1
34237.436913,4,0,0,999867,1
34237.569651,4,0,0,999866,1
34242.875835,4,0,0,1000086,1
34245.457470,4,0,0,1000113,1
34249.367545,4,0,0,1000225,1
34250.090630,4,0,0,1000177,1
34251.145926,4,0,0,1000134,1
34258.856868,4,0,0,1000266,1
34275.348954,4,0,0,1000221,1
34277.146418,4,0,0,1000231,1
34282.780621,4,0,0,1000334,1
34292.773770,4,0,0,1000315,1
34303.529037,4,0,0,1000144,1
34303.953881,4,0,0,1000111,1
34304.144306,4,0,0,1000088,1
34305.033985,4,0,0,1000119,1
34315.095421,4,0,0,1000109,1
34315.590273,4,0,0,1000047,1
34318.203206,4,0,0,1000056,1
34333.343659,4,0,0,999935,1
34336.984968,4,0,0,999962,1
34342.612254,4,0,0,999833,1
34344.424302,4,0,0,999792,1
34349.968905,4,0,0,999829,1
34358.570724,4,0,0,1000078,1
34358.658951,4,0,0,1000066,1
34365.288199,4,0,0,999992,1
34386.785344,4,0,0,999967,1
34393.376887,4,0,0,1000229,1
34394.950084,4,0,0,1000257,1
34402.393605,4,0,0,1000350,1
34402.914393,4,0,0,1000350,1
34405.753781,4,0,0,1000422,1
34417.189743,4,0,0,1000451,1
34418.851241,4,0,0,1000424,1
34420.473390,4,0,0,1000504,1
34421.139220,4,0,0,1000554,1
34421.232702,4,0,0,1000543,1
34426.661836,4,0,0,1000610,1
34427.798450,4,0,0,1000628,1
34429.273695,4,0,0,1000711,1
34432.507050,4,0,0,1000770,1
34432.769181,4,0,0,1000737,1
34436.849350,4,0,0,1000650,1
34437.607829,4,0,0,1000643,1
34441.861579,4,0,0,1000736,1
34447.612720,4,0,0,1000744,1
34448.128758,4,0,0,1000752,1
34450.683816,4,0,0,1000681,1
34456.350405,4,0,0,1000712,1
34458.906469,4,0,0,1000706,1
34459.151417,4,0,0,1000722,1
34462.820772,4,0,0,1000547,1
34468.031130,4,0,0,1000722,1
34471.488876,4,0,0,1000751,1
34485.317803,4,0,0,1000708,1
34489.539647,4,0,0,1000548,1
34500.711445,4,0,0,1000720,1
34501.418363,4,0,0,1000762,1
34502.135276,4,0,0,1000765,1
34510.008388,4,0,0,1000863,1
34512.431663,4,0,0,1000843,1
34513.295637,4,0,0,1000840,1
34525.839729,4,0,0,1000838,1
34527.882470,4,0,0,1000852,1
34534.524510,4,0,0,1000908,1
34540.712793,4,0,0,1000856,1
34550.981193,4,0,0,1000881,1
34555.652662,4,0,0,1000967,1
34562.297203,4,0,0,1001069,1
34564.348250,4,0,0,1001083,1
34565.852096,4,0,0,1001108,1
34576.665751,4,0,0,1001198,1
34579.336699,4,0,0,1001164,1
34595.339410,4,0,0,1001613,1
34600.544750,4,0,0,1001802,1
34605.191180,4,0,0,1001865,1
34605.773769,4,0,0,1001803,1
34620.044790,4,0,0,1001803,1
34622.901688,4,0,0,1001840,1
34627.030048,4,0,0,1001906,1
34629.537061,4,0,0,1001857,1
34630.830207,4,0,0,1001912,1
34642.000897,4,0,0,1001852,1
34646.076152,4,0,0,1001885,1
34646.089892,4,0,0,1001894,1
34650.679164,4,0,0,1001865,1
34652.569570,4,0,0,1001840,1
34656.148752,4,0,0,1001883,1
34666.526366,4,0,0,1002154,1
34668.639271,4,0,0,1002157,1
34680.072077,4,0,0,1002226,1
34684.739584,4,0,0,1002151,1
34684.815814,4,0,0,1002140,1
34697.488801,4,0,0,1001990,1
34703.100906,4,0,0,1002058,1
34731.412859,4,0,0,1002145,1
34732.317012,4,0,0,1002148,1
34733.022052,4,0,0,1002128,1
34745.913917,4,0,0,1002224,1
34751.618477,4,0,0,1002503,1
34751.944851,4,0,0,1002499,1
34758.676950,4,0,0,1002449,1
34765.378130,4,0,0,1002482,1
34777.635334,4,0,0,1002898,1
34783.577572,4,0,0,1002852,1
34784.211871,4,0,0,1002778,1
34784.307855,4,0,0,1002789,1
34784.434815,4,0,0,1002789,1
34784.572072,4,0,0,1002793,1
34785.923105,4,0,0,1002844,1
34795.322078,4,0,0,1002505,1
34799.021755,4,0,0,1002579,1
34802.868692,4,0,0,1002691,1
34811.689492,4,0,0,1002650,1
34812.323258,4,0,0,1002645,1
34813.888091,4,0,0,1002731,1
34818.100744,4,0,0,1002581,1
34834.798110,4,0,0,1002699,1
34838.733602,4,0,0,1002617,1
34838.823577,4,0,0,1002616,1
34846.531836,4,0,0,1002583,1
34847.799659,4,0,0,1002551,1
34855.665676,4,0,0,1002618,1
34858.011677,4,0,0,1002645,1
34867.532182,4,0,0,1002974,1
34874.103949,4,0,0,1002944,1
34877.987565,4,0,0,1002968,1
34878.688836,4,0,0,1002971,1
34878.984182,4,0,0,1002966,1
34879.602529,4,0,0,1002974,1
34879.820376,4,0,0,1002977,1
34880.363969,4,0,0,1002998,1
34881.586730,4,0,0,1002922,1
34887.553292,4,0,0,1003016,1
34891.474506,4,0,0,1003021,1
34891.534903,4,0,0,1003006,1
34891.891949,4,0,0,1003053,1
34908.237908,4,0,0,1003529,1
34912.251015,4,0,0,1003489,1
34913.337359,4,0,0,1003528,1
34914.727325,4,0,0,1003531,1
34921.237197,4,0,0,1003497,1
34922.276592,4,0,0,1003533,1
34926.438736,4,0,0,1003484,1
34943.203268,4,0,0,1003458,1
34952.171500,4,0,0,1003320,1
34953.482351,4,0,0,1003296,1
34956.736401,4,0,0,1003242,1
34961.360895,4,0,0,1003352,1
34969.802280,4,0,0,1003357,1
34970.617465,4,0,0,1003385,1
34970.707095,4,0,0,1003384,1
34971.054096,4,0,0,1003410,1
34974.238550,4,0,0,1003530,1
34978.694661,4,0,0,1003546,1
34982.716088,4,0,0,1003531,1
34984.541049,4,0,0,1003404,1
35005.934226,4,0,0,1003324,1
35010.077980,4,0,0,1003322,1
35012.364080,4,0,0,1003212,1
35016.191029,4,0,0,1003400,1
35022.729133,4,0,0,1003315,1
35028.017442,4,0,0,1003420,1
35029.488608,4,0,0,1003429,1
35029.816695,4,0,0,1003455,1
35032.025863,4,0,0,1003491,1
35036.774741,4,0,0,1003420,1
35037.902546,4,0,0,1003389,1
35044.582012,4,0,0,1003397,1
35044.911131,4,0,0,1003447,1
35046.352450,4,0,0,1003397,1
35054.160569,4,0,0,1003377,1
35055.188125,4,0,0,1003387,1
35060.064465,4,0,0,1003388,1
35063.619574,4,0,0,1003415,1
35075.988828,4,0,0,1003445,1
35077.449454,4,0,0,1003517,1
35077.775627,4,0,0,1003475,1
35084.124779,4,0,0,1003573,1
35091.195311,4,0,0,1003762,1
35102.590674,4,0,0,1003830,1
35115.438534,4,0,0,1003883,1
35115.505692,4,0,0,1003890,1
35116.782172,4,0,0,1003931,1
35121.366869,4,0,0,1003967,1
35135.593343,4,0,0,1004161,1
35149.929810,4,0,0,1003905,1
35153.817876,4,0,0,1003686,1
35165.635294,4,0,0,1003513,1
35170.539628,4,0,0,1003316,1
35172.902425,4,0,0,1003194,1
35176.083581,4,0,0,1003279,1
35180.515240,4,0,0,1003114,1
35184.327308,4,0,0,1003149,1
35196.784680,4,0,0,1003122,1
35208.782579,4,0,0,1002928,1
35211.183674,4,0,0,1002972,1
35226.976594,4,0,0,1002582,1
35227.890084,4,0,0,1002540,1
35228.535633,4,0,0,1002551,1
35229.229293,4,0,0,1002560,1
35232.596976,4,0,0,1002582,1
35232.700988,4,0,0,1002593,1
35246.830376,4,0,0,1002405,1
35255.219904,4,0,0,1002274,1
35255.292239,4,0,0,1002275,1
35256.218713,4,0,0,1002330,1
35258.147741,4,0,0,1002351,1
35258.818893,4,0,0,1002405,1
35266.744393,4,0,0,1002417,1
35268.764985,4,0,0,1002539,1
35282.221659,4,0,0,1002593,1
35286.391290,4,0,0,1002740,1
35296.479848,4,0,0,1002399,1
35305.383164,4,0,0,1002322,1
35316.654484,4,0,0,1002282,1
35319.598794,4,0,0,1002225,1
35323.377012,4,0,0,1002268,1
35331.036867,4,0,0,1002194,1
35332.645235,4,0,0,1002216,1
35335.866199,4,0,0,1002281,1
35340.235448,4,0,0,1002153,1
35340.310280,4,0,0,1002156,1
35344.612881,4,0,0,1001935,1
35347.330739,4,0,0,1001896,1
35355.203087,4,0,0,1001956,1
35357.013244,4,0,0,1001861,1
35367.691223,4,0,0,1001943,1
35371.813551,4,0,0,1001915,1
35372.785580,4,0,0,1001903,1
35380.198573,4,0,0,1001949,1
35384.724422,4,0,0,1001934,1
35384.989314,4,0,0,1001930,1
35387.594707,4,0,0,1002071,1
35393.027313,4,0,0,1002066,1
35405.017474,4,0,0,1001942,1
35405.019396,4,0,0,1001940,1
35423.001009,4,0,0,1001871,1
35425.259728,4,0,0,1001953,1
35442.665466,4,0,0,1001660,1
35447.102028,4,0,0,1001720,1
35455.539638,4,0,0,1001720,1
35459.626479,4,0,0,1001621,1
35464.354215,4,0,0,1001488,1
35465.961629,4,0,0,1001482,1
35470.186692,4,0,0,1001561,1
35476.813595,4,0,0,1001839,1
35486.154388,4,0,0,1001691,1
35492.879047,4,0,0,1001740,1
35498.603183,4,0,0,1001641,1
35508.156643,4,0,0,1001747,1
35510.018993,4,0,0,1001847,1
35515.329839,4,0,0,1001855,1
35518.195101,4,0,0,1001946,1
35520.496352,4,0,0,1001954,1
35523.025014,4,0,0,1002057,1
35525.478562,4,0,0,1002132,1
35527.303675,4,0,0,1002215,1
35531.952931,4,0,0,1002261,1
35534.641934,4,0,0,1002184,1
35552.051053,4,0,0,1002353,1
35557.464812,4,0,0,1002434,1
35558.522901,4,0,0,1002363,1
35561.182244,4,0,0,1002452,1
35563.192705,4,0,0,1002409,1
35570.829716,4,0,0,1002603,1
35580.964507,4,0,0,1002549,1
35592.158130,4,0,0,1002610,1
35597.353232,4,0,0,1002609,1
35598.858913,4,0,0,1002699,1
35600.249141,4,0,0,1002851,1
35609.476061,4,0,0,1002785,1
35613.061882,4,0,0,1002695,1
35620.806926,4,0,0,1002819,1
35624.868847,4,0,0,1002779,1
35631.183421,4,0,0,1002910,1
35634.681961,4,0,0,1003010,1
35641.725417,4,0,0,1002968,1
35645.746916,4,0,0,1002831,1
35648.743098,4,0,0,1002842,1
35650.748776,4,0,0,1002841,1
35651.086469,4,0,0,1002822,1
35653.355503,4,0,0,1002762,1
35653.752125,4,0,0,1002789,1
35673.177287,4,0,0,1002584,1
35674.135293,4,0,0,1002550,1
35682.120579,4,0,0,1002533,1
35692.058844,4,0,0,1002290,1
35697.632694,4,0,0,1002290,1
35701.661254,4,0,0,1002223,1
35702.500194,4,0,0,1002265,1
35705.506856,4,0,0,1002269,1
35707.530626,4,0,0,1002241,1
35708.749257,4,0,0,1002219,1
35713.040471,4,0,0,1002326,1
35714.829906,4,0,0,1002329,1
35726.687091,4,0,0,1002605,1
35738.177752,4,0,0,1002689,1
35739.598456,4,0,0,1002691,1
35740.160277,4,0,0,1002679,1
35741.185040,4,0,0,1002770,1
35744.494310,4,0,0,1002733,1
35750.727949,4,0,0,1002702,1
35751.843790,4,0,0,1002651,1
35753.206394,4,0,0,1002639,1
35762.328203,4,0,0,1002807,1
35764.897909,4,0,0,1002846,1
35769.481443,4,0,0,1002951,1
35770.753580,4,0,0,1002993,1
35771.267663,4,0,0,1003026,1
35774.734955,4,0,0,1002982,1
35777.834515,4,0,0,1003088,1
35778.626403,4,0,0,1003075,1
35783.274229,4,0,0,1002962,1
35787.027890,4,0,0,1002992,1
35792.102881,4,0,0,1002978,1
35792.849146,4,0,0,1002945,1
35799.504934,4,0,0,1002862,1
35800.705154,4,0,0,1002939,1
35804.207076,4,0,0,1002905,1
35811.561082,4,0,0,1003117,1
35811.669032,4,0,0,1003098,1
35813.543263,4,0,0,1002909,1
35823.404198,4,0,0,1003118,1
35832.306749,4,0,0,1003089,1
35836.002380,4,0,0,1003164,1
35845.631523,4,0,0,1003121,1
35859.932612,4,0,0,1003160,1
35868.302592,4,0,0,1003014,1
35877.503804,4,0,0,1003007,1
35878.000758,4,0,0,1002997,1
35883.036754,4,0,0,1002949,1
35888.848113,4,0,0,1002894,1
35893.351954,4,0,0,1002971,1
35901.035881,4,0,0,1002995,1
35901.204055,4,0,0,1003004,1
35908.234070,4,0,0,1003028,1
35914.523385,4,0,0,1002837,1
35915.960719,4,0,0,1002801,1
35917.381108,4,0,0,1002778,1
35922.163483,4,0,0,1002808,1
35924.188169,4,0,0,1002861,1
35931.800439,4,0,0,1002774,1
35934.624724,4,0,0,1002792,1
35941.922368,4,0,0,1002553,1
35964.166087,4,0,0,1002670,1
35965.872689,4,0,0,1002651,1
35966.610359,4,0,0,1002608,1
35977.679672,4,0,0,1002271,1
35981.407711,4,0,0,1002338,1
35998.991169,4,0,0,1002328,1
36003.829788,4,0,0,1002101,1
36028.215455,4,0,0,1002147,1
36031.990766,4,0,0,1002162,1
36035.563562,4,0,0,1002264,1
36036.259151,4,0,0,1002244,1
36038.360433,4,0,0,1002379,1
36038.487430,4,0,0,1002353,1
36039.323089,4,0,0,1002393,1
36045.866878,4,0,0,1002391,1
36046.014443,4,0,0,1002387,1
36048.196816,4,0,0,1002399,1
36057.675622,4,0,0,1002090,1
36063.315345,4,0,0,1002069,1
36068.928149,4,0,0,1002161,1
36069.927357,4,0,0,1002126,1
36072.715172,4,0,0,1002012,1
36076.879811,4,0,0,1001991,1
36098.775290,4,0,0,1001950,1
36099.865313,4,0,0,1001911,1
36101.226006,4,0,0,1001848,1
36102.679346,4,0,0,1001871,1
36109.309131,4,0,0,1001717,1
36112.227801,4,0,0,1001822,1
36112.507977,4,0,0,1001813,1
36115.903337,4,0,0,1001865,1
36117.041965,4,0,0,1001816,1
36124.701835,4,0,0,1001871,1
36126.388554,4,0,0,1001772,1
36126.522366,4,0,0,1001764,1
36130.824391,4,0,0,1001744,1
36139.700262,4,0,0,1001844,1
36141.993114,4,0,0,1001755,1
36148.616893,4,0,0,1002211,1
36152.037853,4,0,0,1002161,1
36155.759562,4,0,0,1002184,1
36171.078663,4,0,0,1001931,1
36178.867391,4,0,0,1001974,1
36179.024448,4,0,0,1001975,1
36184.931398,4,0,0,1001996,1
36187.921247,4,0,0,1002068,1
36202.012088,4,0,0,1002044,1
36203.208521,4,0,0,1002003,1
36204.693705,4,0,0,1002018,1
36205.099933,4,0,0,1002016,1
36207.775293,4,0,0,1002067,1
36208.327058,4,0,0,1002086,1
36213.128757,4,0,0,1002241,1
36220.893221,4,0,0,1002394,1
36226.597502,4,0,0,1002351,1
36233.544457,4,0,0,1002344,1
36235.548428,4,0,0,1002334,1
36244.486257,4,0,0,1001998,1
36247.162872,4,0,0,1001977,1
36255.467297,4,0,0,1002222,1
36260.174770,4,0,0,1002097,1
36260.914767,4,0,0,1002091,1
36261.304957,4,0,0,1002071,1
36261.393400,4,0,0,1002053,1
36261.723485,4,0,0,1002100,1
36264.656335,4,0,0,1002111,1
36265.231350,4,0,0,1002071,1
36265.366034,4,0,0,1002069,1
36272.086388,4,0,0,1002071,1
36274.487285,4,0,0,1001916,1
36281.055592,4,0,0,1002056,1
36283.934198,4,0,0,1002115,1
36286.792613,4,0,0,1002230,1
36289.900696,4,0,0,1002235,1
36292.971663,4,0,0,1002188,1
36300.740984,4,0,0,1002444,1
36303.201829,4,0,0,1002461,1
36314.437603,4,0,0,1002566,1
36314.618121,4,0,0,1002565,1
36321.724376,4,0,0,1002533,1
36322.366162,4,0,0,1002541,1
36326.972552,4,0,0,1002561,1
36327.022352,4,0,0,1002576,1
36330.719916,4,0,0,1002684,1
36330.734364,4,0,0,1002674,1
36345.169474,4,0,0,1002768,1
36356.441285,4,0,0,1003074,1
36364.038967,4,0,0,1003158,1
36375.837616,4,0,0,1003306,1
36376.589543,4,0,0,1003288,1
36377.410052,4,0,0,1003315,1
36378.403343,4,0,0,1003276,1
36383.059894,4,0,0,1003375,1
36394.352338,4,0,0,1003236,1
36416.343674,4,0,0,1003518,1
36422.279251,4,0,0,1003473,1
36428.569845,4,0,0,1003317,1
36440.042433,4,0,0,1003201,1
36442.491145,4,0,0,1003139,1
36443.865314,4,0,0,1003199,1
36444.775765,4,0,0,1003241,1
36445.383860,4,0,0,1003274,1
36453.388287,4,0,0,1003169,1
36454.147124,4,0,0,1003139,1
36455.614246,4,0,0,1003114,1
36463.786856,4,0,0,1003057,1
36465.564611,4,0,0,1003036,1
36484.879866,4,0,0,1002999,1
36486.362224,4,0,0,1003017,1
36490.008532,4,0,0,1002944,1
36491.813263,4,0,0,1002895,1
36503.364466,4,0,0,1002773,1
36505.546941,4,0,0,1002789,1
36508.264090,4,0,0,1002824,1
36511.696320,4,0,0,1002651,1
36525.056526,4,0,0,1002732,1
36525.206800,4,0,0,1002727,1
36531.238585,4,0,0,1002871,1
36541.833843,4,0,0,1002895,1
36541.966089,4,0,0,1002903,1
36545.494932,4,0,0,1002799,1
36547.380690,4,0,0,1002793,1
36556.761305,4,0,0,1002736,1
36560.669504,4,0,0,1002597,1
36566.271273,4,0,0,1002465,1
36569.153798,4,0,0,1002438,1
36573.884529,4,0,0,1002346,1
36575.522284,4,0,0,1002383,1
36575.567181,4,0,0,1002397,1
36579.677055,4,0,0,1002467,1
36581.460754,4,0,0,1002497,1
36584.941994,4,0,0,1002371,1
36596.804911,4,0,0,1002488,1
36599.462368,4,0,0,1002592,1
36600.820921,4,0,0,1002498,1
36603.039277,4,0,0,1002553,1
36615.879348,4,0,0,1002796,1
36629.084258,4,0,0,1002716,1
36637.975137,4,0,0,1002646,1
36650.060475,4,0,0,1002421,1
36651.296782,4,0,0,1002393,1
36651.734380,4,0,0,1002385,1
36652.967032,4,0,0,1002370,1
36654.771132,4,0,0,1002420,1
36655.689314,4,0,0,1002390,1
36660.154719,4,0,0,1002732,1
36662.705949,4,0,0,1002705,1
36670.806766,4,0,0,1002644,1
36671.785362,4,0,0,1002644,1
36677.570345,4,0,0,1002541,1
36678.884391,4,0,0,1002495,1
36682.965700,4,0,0,1002359,1
36685.017403,4,0,0,1002372,1
36685.297756,4,0,0,1002365,1
36686.539721,4,0,0,1002380,1
36691.754459,4,0,0,1002233,1
36695.041485,4,0,0,1002242,1
36698.540069,4,0,0,1002112,1
36699.457985,4,0,0,1002080,1
36703.500126,4,0,0,1002124,1
36730.890266,4,0,0,1001729,1
36739.003687,4,0,0,1001763,1
36743.316779,4,0,0,1001845,1
36761.142575,4,0,0,1002034,1
36772.224213,4,0,0,1002072,1
36776.551883,4,0,0,1002045,1
36776.709450,4,0,0,1002004,1
36777.179082,4,0,0,1002047,1
36777.502240,4,0,0,1002070,1
36780.374987,4,0,0,1002150,1
36782.624932,4,0,0,1002181,1
36800.325175,4,0,0,1002314,1
36801.204230,4,0,0,1002401,1
36818.431743,4,0,0,1002420,1
36825.404601,4,0,0,1002341,1
36833.715222,4,0,0,1002519,1
36838.501661,4,0,0,1002597,1
36843.782748,4,0,0,1002686,1
36846.879944,4,0,0,1002557,1
36846.943152,4,0,0,1002578,1
36849.024452,4,0,0,1002599,1
36852.262496,4,0,0,1002616,1
36858.522724,4,0,0,1002552,1
36861.545088,4,0,0,1002521,1
36864.467541,4,0,0,1002458,1
36865.175501,4,0,0,1002416,1
36865.227835,4,0,0,1002417,1
36872.015282,4,0,0,1002544,1
36873.858418,4,0,0,1002494,1
36893.740464,4,0,0,1002386,1
36894.929545,4,0,0,1002430,1
36896.906361,4,0,0,1002322,1
36900.453691,4,0,0,1002275,1
36907.174630,4,0,0,1002018,1
36910.154271,4,0,0,1002125,1
36910.791582,4,0,0,1002116,1
36912.582626,4,0,0,1001990,1
36915.939269,4,0,0,1001907,1
36921.294756,4,0,0,1001778,1
36928.322925,4,0,0,1001867,1
36928.990443,4,0,0,1001787,1
36929.101252,4,0,0,1001781,1
36932.600495,4,0,0,1001865,1
36940.538506,4,0,0,1001904,1
36940.599135,4,0,0,1001922,1
36945.934452,4,0,0,1001889,1
36951.483743,4,0,0,1002128,1
36954.334862,4,0,0,1002079,1
36966.106191,4,0,0,1002040,1
36971.047943,4,0,0,1001920,1
36971.073055,4,0,0,1001922,1
36974.239706,4,0,0,1001991,1
36983.614490,4,0,0,1001992,1
36992.095691,4,0,0,1002218,1
36997.102304,4,0,0,1002353,1
37002.455585,4,0,0,1002349,1
37006.585192,4,0,0,1002359,1
37008.116562,4,0,0,1002313,1
37012.046610,4,0,0,1002314,1
37017.371139,4,0,0,1002391,1
37019.448182,4,0,0,1002419,1
37028.705850,4,0,0,1002358,1
37029.742917,4,0,0,1002400,1
37036.318451,4,0,0,1002263,1
37037.952881,4,0,0,1002303,1
37045.057550,4,0,0,1002307,1
37047.725542,4,0,0,1002393,1
37055.606281,4,0,0,1002443,1
37057.691490,4,0,0,1002426,1
37058.840641,4,0,0,1002396,1
37065.809588,4,0,0,1002426,1
37067.573873,4,0,0,1002441,1
37073.890284,4,0,0,1002235,1
37080.412249,4,0,0,1002181,1
37081.608462,4,0,0,1002175,1
37082.760160,4,0,0,1002250,1
37083.820505,4,0,0,1002248,1
37084.555456,4,0,0,1002289,1
37086.818027,4,0,0,1002269,1
37086.947034,4,0,0,1002289,1
37087.509011,4,0,0,1002255,1
37092.874989,4,0,0,1002440,1
37100.562765,4,0,0,1002244,1
37100.964081,4,0,0,1002245,1
37102.223984,4,0,0,1002322,1
37103.336392,4,0,0,1002338,1
37115.252653,4,0,0,1002583,1
37121.191408,4,0,0,1002583,1
37125.049717,4,0,0,1002680,1
37126.785575,4,0,0,1002726,1
37135.393999,4,0,0,1002973,1
37138.125632,4,0,0,1002880,1
37150.409717,4,0,0,1002775,1
37156.262119,4,0,0,1002653,1
37159.369824,4,0,0,1002622,1
37160.014720,4,0,0,1002573,1
37177.851374,4,0,0,1002451,1
37178.683837,4,0,0,1002384,1
37179.766036,4,0,0,1002435,1
37182.462885,4,0,0,1002405,1
37184.938224,4,0,0,1002294,1
37185.696832,4,0,0,1002323,1
37191.943402,4,0,0,1002280,1
37192.943249,4,0,0,1002349,1
37197.878749,4,0,0,1002193,1
37204.588283,4,0,0,1002039,1
37205.719470,4,0,0,1001982,1
37210.110756,4,0,0,1002076,1
37216.716798,4,0,0,1001996,1
37221.576697,4,0,0,1002094,1
37225.922361,4,0,0,1002007,1
37227.596517,4,0,0,1002200,1
37233.883656,4,0,0,1002239,1
37247.774555,4,0,0,1001999,1
37250.424405,4,0,0,1001988,1
37257.709578,4,0,0,1002110,1
37257.985759,4,0,0,1002104,1
37266.606285,4,0,0,1002158,1
37267.626827,4,0,0,1002238,1
37270.029671,4,0,0,1002310,1
37271.735131,4,0,0,1002352,1
37272.134233,4,0,0,1002348,1
37283.367242,4,0,0,1002536,1
37285.576941,4,0,0,1002486,1
37289.193047,4,0,0,1002437,1
37292.450371,4,0,0,1002343,1
37293.127932,4,0,0,1002361,1
37294.233278,4,0,0,1002322,1
37294.612081,4,0,0,1002354,1
37298.001662,4,0,0,1002456,1
37299.450964,4,0,0,1002506,1
37301.562321,4,0,0,1002426,1
37302.108973,4,0,0,1002411,1
37309.513467,4,0,0,1002209,1
37310.052186,4,0,0,1002155,1
37330.358166,4,0,0,1001857,1
37331.290242,4,0,0,1001865,1
37335.351230,4,0,0,1001809,1
37335.570546,4,0,0,1001828,1
37342.965250,4,0,0,1002032,1
37343.970172,4,0,0,1001980,1
37347.557910,4,0,0,1002023,1
37353.998348,4,0,0,1002027,1
37354.774803,4,0,0,1001974,1
37358.603232,4,0,0,1001955,1
37359.770192,4,0,0,1001966,1
37366.575823,4,0,0,1001652,1
37372.710626,4,0,0,1001496,1
37373.639147,4,0,0,1001436,1
37383.104787,4,0,0,1001434,1
37383.200259,4,0,0,1001414,1
37392.606377,4,0,0,1001288,1
37396.518770,4,0,0,1001327,1
37398.986242,4,0,0,1001362,1
37405.782966,4,0,0,1001611,1
37411.815601,4,0,0,1001449,1
37432.695676,4,0,0,1001455,1
37434.253229,4,0,0,1001382,1
37434.271397,4,0,0,1001387,1
37447.256869,4,0,0,1001310,1
37456.583624,4,0,0,1001481,1
37462.821937,4,0,0,1001660,1
37466.297448,4,0,0,1001652,1
37472.164580,4,0,0,1001522,1
37479.413630,4,0,0,1001390,1
37481.659299,4,0,0,1001421,1
37488.691057,4,0,0,1001543,1
37495.329496,4,0,0,1001795,1
37499.869906,4,0,0,1001528,1
37502.326541,4,0,0,1001443,1
37508.038830,4,0,0,1001572,1
37508.053732,4,0,0,1001574,1
37515.181648,4,0,0,1001638,1
37526.019715,4,0,0,1001887,1
37527.327222,4,0,0,1001867,1
37527.942434,4,0,0,1001814,1
37529.131820,4,0,0,1001829,1
37530.851066,4,0,0,1001773,1
37541.108109,4,0,0,1001795,1
37544.852934,4,0,0,1001763,1
37546.467950,4,0,0,1001693,1
37547.179748,4,0,0,1001757,1
37548.817824,4,0,0,1001795,1
37553.366395,4,0,0,1001714,1
37555.239042,4,0,0,1001790,1
37558.161102,4,0,0,1001738,1
37560.967907,4,0,0,1001994,1
37569.385716,4,0,0,1001782,1
37572.042118,4,0,0,1001787,1
37574.069735,4,0,0,1001771,1
37579.441703,4,0,0,1001629,1
37580.638439,4,0,0,1001593,1
37583.648382,4,0,0,1001419,1
37585.455195,4,0,0,1001344,1
37590.167271,4,0,0,1001387,1
37600.198129,4,0,0,1001383,1
37603.035747,4,0,0,1001489,1
37610.371120,4,0,0,1001405,1
37613.289706,4,0,0,1001488,1
37618.393697,4,0,0,1001503,1
37619.069495,4,0,0,1001451,1
37621.781492,4,0,0,1001391,1
37633.255069,4,0,0,1001404,1
37637.700866,4,0,0,1001469,1
37644.659350,4,0,0,1001472,1
37648.017744,4,0,0,1001408,1
37651.312435,4,0,0,1001414,1
37660.159602,4,0,0,1001347,1
37660.495231,4,0,0,1001360,1
37664.565923,4,0,0,1001247,1
37678.239339,4,0,0,1001579,1
37681.726449,4,0,0,1001540,1
37682.760122,4,0,0,1001539,1
37691.763138,4,0,0,1001768,1
37693.148716,4,0,0,1001698,1
37698.915289,4,0,0,1001709,1
37702.629809,4,0,0,1001614,1
37716.839433,4,0,0,1001546,1
37721.519349,4,0,0,1001526,1
37730.219059,4,0,0,1001785,1
37730.257129,4,0,0,1001795,1
37751.964362,4,0,0,1001761,1
37752.351067,4,0,0,1001684,1
37754.209526,4,0,0,1001735,1
37768.174761,4,0,0,1001679,1
37768.217682,4,0,0,1001677,1
37776.487471,4,0,0,1001621,1
37785.927039,4,0,0,1001610,1
37788.697128,4,0,0,1001613,1
37790.109005,4,0,0,1001502,1
37797.866834,4,0,0,1001502,1
37800.972990,4,0,0,1001683,1
37801.662560,4,0,0,1001662,1
37814.229151,4,0,0,1001730,1
37825.046653,4,0,0,1001699,1
37828.279744,4,0,0,1001630,1
37837.566482,4,0,0,1001543,1
37840.158573,4,0,0,1001587,1
37845.657109,4,0,0,1001497,1
37848.082874,4,0,0,1001573,1
37851.451329,4,0,0,1001423,1
37852.455930,4,0,0,1001352,1
37868.478925,4,0,0,1001243,1
37870.144494,4,0,0,1001256,1
37870.666527,4,0,0,1001268,1
37871.411507,4,0,0,1001233,1
37871.479347,4,0,0,1001211,1
37877.495406,4,0,0,1001101,1
37881.468813,4,0,0,1001118,1
37889.034074,4,0,0,1001122,1
37892.415486,4,0,0,1001170,1
37899.917013,4,0,0,1001288,1
37905.604985,4,0,0,1001284,1
37912.795996,4,0,0,1001181,1
37915.289670,4,0,0,1001223,1
37920.277470,4,0,0,1001204,1
37921.224866,4,0,0,1001353,1
37923.081143,4,0,0,1001298,1
37923.986822,4,0,0,1001292,1
37926.497879,4,0,0,1001367,1
37927.818618,4,0,0,1001347,1
37930.315831,4,0,0,1001390,1
37947.991376,4,0,0,1001201,1
37949.837088,4,0,0,1001120,1
37969.172366,4,0,0,1000799,1
37974.007062,4,0,0,1000829,1
37976.254376,4,0,0,1000764,1
37985.567271,4,0,0,1000832,1
37990.187127,4,0,0,1000770,1
37991.575223,4,0,0,1000690,1
37999.100566,4,0,0,1000820,1
38001.812200,4,0,0,1001034,1
38003.926900,4,0,0,1001051,1
38005.843159,4,0,0,1000927,1
38011.556409,4,0,0,1001009,1
38013.051896,4,0,0,1000889,1
38020.947064,4,0,0,1000720,1
38022.619908,4,0,0,1000797,1
38026.374735,4,0,0,1000731,1
38029.573880,4,0,0,1000831,1
38038.815927,4,0,0,1000880,1
38049.297094,4,0,0,1000957,1
38050.271316,4,0,0,1000949,1
38054.479230,4,0,0,1001112,1
38065.400549,4,0,0,1001087,1
38068.224583,4,0,0,1001083,1
38080.410522,4,0,0,1001273,1
38081.974077,4,0,0,1001349,1
38086.460661,4,0,0,1001507,1
38091.943951,4,0,0,1001462,1
38093.182149,4,0,0,1001431,1
38093.248415,4,0,0,1001432,1
38095.825287,4,0,0,1001410,1
38109.153953,4,0,0,1001350,1
38111.162098,4,0,0,1001321,1
38118.394076,4,0,0,1001302,1
38119.312086,4,0,0,1001316,1
38121.312414,4,0,0,1001491,1
38122.058971,4,0,0,1001442,1
38128.088935,4,0,0,1001686,1
38133.832906,4,0,0,1001667,1
38139.408046,4,0,0,1001806,1
38140.804860,4,0,0,1001867,1
38146.439645,4,0,0,1001926,1
38147.672222,4,0,0,1001984,1
38150.314487,4,0,0,1001965,1
38152.537623,4,0,0,1001961,1
38154.635959,4,0,0,1001900,1
38154.919813,4,0,0,1001909,1
38159.693659,4,0,0,1001859,1
38165.566672,4,0,0,1001664,1
38170.111749,4,0,0,1001655,1
38175.106911,4,0,0,1001690,1
38175.997225,4,0,0,1001694,1
38176.770955,4,0,0,1001726,1
38180.221670,4,0,0,1001699,1
38190.174141,4,0,0,1001461,1
38191.145838,4,0,0,1001442,1
38194.116406,4,0,0,1001457,1
38196.794389,4,0,0,1001489,1
38200.081787,4,0,0,1001564,1
38200.923801,4,0,0,1001636,1
38202.927674,4,0,0,1001572,1
38204.379118,4,0,0,1001624,1
38213.276050,4,0,0,1001807,1
38220.977111,4,0,0,1001860,1
38223.635938,4,0,0,1001890,1
38228.100386,4,0,0,1002003,1
38228.851795,4,0,0,1001932,1
38232.257837,4,0,0,1001950,1
38233.941941,4,0,0,1001996,1
38243.328058,4,0,0,1001935,1
38248.650674,4,0,0,1001855,1
38253.448292,4,0,0,1001841,1
38254.085214,4,0,0,1001837,1
38257.125237,4,0,0,1001850,1
38277.729290,4,0,0,1002417,1
38291.888996,4,0,0,1002348,1
38296.840496,4,0,0,1002600,1
38297.627046,4,0,0,1002622,1
38302.498960,4,0,0,1002571,1
38306.485157,4,0,0,1002642,1
38309.507858,4,0,0,1002655,1
38312.178357,4,0,0,1002734,1
38316.549508,4,0,0,1002703,1
38325.616782,4,0,0,1002639,1
38332.264752,4,0,0,1002451,1
38336.404132,4,0,0,1002504,1
38348.766793,4,0,0,1002556,1
38349.086721,4,0,0,1002587,1
38371.790729,4,0,0,1002554,1
38372.051002,4,0,0,1002562,1
38373.114615,4,0,0,1002645,1
38375.741151,4,0,0,1002772,1
38376.284822,4,0,0,1002750,1
38380.956268,4,0,0,1002764,1
38381.191360,4,0,0,1002731,1
38382.792406,4,0,0,1002740,1
38383.093445,4,0,0,1002756,1
38388.904841,4,0,0,1002724,1
38394.181938,4,0,0,1002845,1
38396.456019,4,0,0,1002864,1
38397.452621,4,0,0,1002923,1
38404.022181,4,0,0,1002968,1
38406.011092,4,0,0,1002942,1
38408.925531,4,0,0,1001780,1
38413.593202,4,0,0,1001785,1
38416.792156,4,0,0,1001822,1
38420.357323,4,0,0,1001910,1
38420.495487,4,0,0,1001928,1
38425.435505,4,0,0,1001971,1
38427.499477,4,0,0,1001963,1
38428.743868,4,0,0,1002004,1
38431.463474,4,0,0,1002009,1
38433.767547,4,0,0,1001960,1
38436.800362,4,0,0,1001997,1
38455.377922,4,0,0,1001917,1
38457.543985,4,0,0,1001940,1
38464.661581,4,0,0,1001961,1
38468.507936,4,0,0,1002041,1
38479.021101,4,0,0,1002035,1
38481.116805,4,0,0,1002113,1
38482.463449,4,0,0,1002100,1
38494.027871,4,0,0,1001917,1
38494.240630,4,0,0,1001914,1
38508.632807,4,0,0,1001857,1
38512.518218,4,0,0,1001668,1
38514.775273,4,0,0,1001743,1
38540.151514,4,0,0,1002094,1
38540.438959,4,0,0,1002067,1
38543.914645,4,0,0,1001944,1
38544.065649,4,0,0,1001945,1
38548.112914,4,0,0,1001834,1
38549.064241,4,0,0,1001771,1
38553.829175,4,0,0,1001823,1
38572.754663,4,0,0,1002016,1
38582.690669,4,0,0,1002224,1
38585.564315,4,0,0,1002263,1
38591.456053,4,0,0,1002413,1
38598.638900,4,0,0,1002449,1
38601.903096,4,0,0,1002605,1
38605.497212,4,0,0,1002476,1
38606.278466,4,0,0,1002525,1
38608.482445,4,0,0,1002491,1
38609.215740,4,0,0,1002489,1
38615.419675,4,0,0,1002555,1
38618.518065,4,0,0,1002546,1
38621.365992,4,0,0,1002637,1
38631.745948,4,0,0,1002443,1
38635.330800,4,0,0,1002322,1
38637.845524,4,0,0,1002358,1
38639.342592,4,0,0,1002327,1
38639.699833,4,0,0,1002301,1
38642.288292,4,0,0,1002135,1
38642.413007,4,0,0,1002144,1
38644.057886,4,0,0,1002214,1
38647.404798,4,0,0,1002209,1
38663.558464,4,0,0,1002249,1
38664.112183,4,0,0,1002301,1
38669.455844,4,0,0,1002366,1
38672.768441,4,0,0,1002283,1
38679.943336,4,0,0,1002240,1
38680.684360,4,0,0,1002303,1
38681.099593,4,0,0,1002290,1
38683.535118,4,0,0,1002380,1
38691.156175,4,0,0,1002527,1
38692.173321,4,0,0,1002525,1
38699.152398,4,0,0,1002571,1
38700.791508,4,0,0,1002598,1
38701.960142,4,0,0,1002670,1
38702.040717,4,0,0,1002670,1
38704.471793,4,0,0,1002763,1
38706.765149,4,0,0,1002758,1
38711.912659,4,0,0,1002705,1
38712.264270,4,0,0,1002751,1
38713.055776,4,0,0,1002748,1
38713.135673,4,0,0,1002732,1
38713.713138,4,0,0,1002757,1
38718.755786,4,0,0,1002732,1
38721.218746,4,0,0,1002748,1
38723.069433,4,0,0,1002759,1
38726.971090,4,0,0,1002803,1
38751.013959,4,0,0,1003098,1
38759.611758,4,0,0,1003146,1
38765.360747,4,0,0,1003190,1
38777.330797,4,0,0,1003145,1
38777.524576,4,0,0,1003125,1
38777.873178,4,0,0,1003073,1
38780.944165,4,0,0,1003054,1
38782.997189,4,0,0,1003043,1
38796.231238,4,0,0,1002875,1
38799.445750,4,0,0,1002889,1
38803.153912,4,0,0,1002796,1
38813.938920,4,0,0,1002677,1
38816.767425,4,0,0,1002651,1
38826.785591,4,0,0,1002871,1
38828.183593,4,0,0,1002935,1
38829.712922,4,0,0,1002830,1
38831.615528,4,0,0,1002937,1
38835.406592,4,0,0,1002761,1
38836.595026,4,0,0,1002763,1
38841.915180,4,0,0,1002700,1
38842.651664,4,0,0,1002728,1
38843.124055,4,0,0,1002720,1
38852.883366,4,0,0,1002621,1
38854.175521,4,0,0,1002717,1
38856.507046,4,0,0,1002667,1
38860.558397,4,0,0,1002698,1
38864.124899,4,0,0,1002656,1
38864.502849,4,0,0,1002638,1
38874.409272,4,0,0,1002579,1
38888.838689,4,0,0,1002574,1
38896.840483,4,0,0,1002629,1
38898.436039,4,0,0,1002582,1
38902.023198,4,0,0,1002492,1
38904.005140,4,0,0,1002317,1
38907.871843,4,0,0,1002351,1
38925.391969,4,0,0,1002299,1
38927.177465,4,0,0,1002206,1
38932.459473,4,0,0,1002346,1
38934.345071,4,0,0,1002421,1
38941.464089,4,0,0,1002321,1
38943.348572,4,0,0,1002237,1
38953.891849,4,0,0,1002321,1
38960.551100,4,0,0,1002387,1
38967.425428,4,0,0,1002153,1
38970.455450,4,0,0,1002190,1
38971.586831,4,0,0,1002187,1
38971.789310,4,0,0,1002195,1
38973.645649,4,0,0,1002245,1
38973.826424,4,0,0,1002253,1
38979.484499,4,0,0,1002249,1
38984.788979,4,0,0,1002133,1
38987.479866,4,0,0,1002045,1
38994.459185,4,0,0,1002070,1
38998.129695,4,0,0,1002083,1
38998.324127,4,0,0,1002070,1
38999.016207,4,0,0,1002062,1
39000.043657,4,0,0,1002031,1
39001.998519,4,0,0,1002005,1
39002.255353,4,0,0,1002010,1
39006.696762,4,0,0,1001805,1
39010.126723,4,0,0,1001700,1
39014.719943,4,0,0,1001895,1
39017.426666,4,0,0,1001790,1
39026.422177,4,0,0,1001591,1
39029.315246,4,0,0,1001708,1
39029.389448,4,0,0,1001704,1
39039.255869,4,0,0,1001789,1
39044.359474,4,0,0,1001849,1
39052.636630,4,0,0,1001613,1
39067.129075,4,0,0,1001478,1
39067.378850,4,0,0,1001464,1
39068.659762,4,0,0,1001480,1
39068.972559,4,0,0,1001457,1
39071.590038,4,0,0,1001432,1
39081.120616,4,0,0,1001408,1
39081.527625,4,0,0,1001443,1
39084.590493,4,0,0,1001332,1
39085.231740,4,0,0,1001338,1
39092.317141,4,0,0,1001230,1
39101.119558,4,0,0,1000963,1
39101.331101,4,0,0,1000966,1
39104.516445,4,0,0,1000976,1
39105.824550,4,0,0,1000823,1
39120.386694,4,0,0,1000422,1
39134.155427,4,0,0,1000635,1
39138.704778,4,0,0,1000713,1
39156.056823,4,0,0,1000806,1
39158.078326,4,0,0,1000836,1
39168.983035,4,0,0,1000870,1
39171.708653,4,0,0,1000822,1
39172.994210,4,0,0,1000938,1
39186.508733,4,0,0,1001068,1
39192.018655,4,0,0,1001040,1
39192.339461,4,0,0,1001031,1
39202.107364,4,0,0,1001442,1
39207.884397,4,0,0,1001616,1
39212.323509,4,0,0,1001734,1
39218.624352,4,0,0,1001656,1
39220.021441,4,0,0,1001787,1
39224.407158,4,0,0,1002010,1
39232.463098,4,0,0,1002013,1
39232.729023,4,0,0,1002039,1
39233.397502,4,0,0,1002085,1
39242.230874,4,0,0,1002369,1
39246.835164,4,0,0,1002491,1
39250.457287,4,0,0,1002443,1
39251.821526,4,0,0,1002418,1
39253.492943,4,0,0,1002439,1
39263.345002,4,0,0,1002342,1
39265.962547,4,0,0,1002462,1
39266.280893,4,0,0,1002467,1
39277.145266,4,0,0,1002702,1
39278.232135,4,0,0,1002679,1
39286.597176,4,0,0,1002714,1
39296.803091,4,0,0,1002649,1
39299.991321,4,0,0,1002471,1
39304.352879,4,0,0,1002477,1
39307.934177,4,0,0,1002462,1
39312.620263,4,0,0,1002550,1
39321.851922,4,0,0,1002646,1
39323.436396,4,0,0,1002729,1
39333.723241,4,0,0,1002846,1
39337.731811,4,0,0,1002900,1
39338.316329,4,0,0,1002862,1
39339.547073,4,0,0,1002852,1
39343.879172,4,0,0,1002780,1
39345.187498,4,0,0,1002741,1
39345.860955,4,0,0,1002768,1
39346.704890,4,0,0,1002759,1
39355.612459,4,0,0,1002605,1
39360.018495,4,0,0,1002499,1
39375.851206,4,0,0,1002347,1
39377.878679,4,0,0,1002346,1
39382.206552,4,0,0,1002481,1
39386.574312,4,0,0,1002525,1
39391.145631,4,0,0,1002647,1
39391.437213,4,0,0,1002676,1
39398.069769,4,0,0,1002643,1
39412.221191,4,0,0,1002844,1
39415.878024,4,0,0,1002879,1
39416.900378,4,0,0,1002861,1
39423.583139,4,0,0,1002917,1
39423.618252,4,0,0,1002924,1
39425.520109,4,0,0,1002755,1
39437.452169,4,0,0,1002678,1
39441.695012,4,0,0,1002663,1
39450.931572,4,0,0,1002811,1
39455.367601,4,0,0,1002896,1
39463.633297,4,0,0,1002633,1
39473.747628,4,0,0,1002753,1
39475.598033,4,0,0,1002694,1
39476.225153,4,0,0,1002761,1
39482.332231,4,0,0,1002799,1
39485.106727,4,0,0,1002857,1
39485.754498,4,0,0,1002828,1
39490.014282,4,0,0,1002812,1
39490.189874,4,0,0,1002816,1
39491.257589,4,0,0,1002727,1
39498.678973,4,0,0,1002886,1
39498.737148,4,0,0,1002886,1
39500.464955,4,0,0,1002935,1
39500.568240,4,0,0,1002944,1
39529.178832,4,0,0,1002860,1
39533.348644,4,0,0,1002734,1
39535.008532,4,0,0,1002622,1
39547.648591,4,0,0,1002437,1
39551.030386,4,0,0,1002486,1
39553.929001,4,0,0,1002377,1
39558.166090,4,0,0,1002606,1
39559.632174,4,0,0,1002598,1
39561.373329,4,0,0,1002643,1
39563.594428,4,0,0,1002744,1
39564.934294,4,0,0,1002727,1
39569.132981,4,0,0,1002713,1
39574.822241,4,0,0,1002781,1
39575.179147,4,0,0,1002718,1
39592.116297,4,0,0,1003102,1
39598.801858,4,0,0,1003214,1
39606.644588,4,0,0,1003525,1
39613.302543,4,0,0,1003656,1
39613.701424,4,0,0,1003679,1
39616.842811,4,0,0,1003548,1
39619.663013,4,0,0,1003436,1
39624.998371,4,0,0,1003476,1
39627.845070,4,0,0,1003478,1
39633.669286,4,0,0,1003342,1
39639.140422,4,0,0,1003328,1
39644.850193,4,0,0,1003494,1
39649.457676,4,0,0,1003544,1
39650.240035,4,0,0,1003591,1
39657.077660,4,0,0,1003555,1
39664.337968,4,0,0,1003105,1
39675.544584,4,0,0,1002869,1
39676.817361,4,0,0,1002900,1
39677.746636,4,0,0,1002844,1
39680.117993,4,0,0,1002866,1
39681.965430,4,0,0,1002839,1
39690.043538,4,0,0,1002672,1
39694.587838,4,0,0,1002576,1
39701.409490,4,0,0,1002477,1
39704.076878,4,0,0,1002369,1
39704.577530,4,0,0,1002321,1
39705.161681,4,0,0,1002354,1
39707.396131,4,0,0,1002348,1
39708.426139,4,0,0,1002242,1
39716.642740,4,0,0,1002227,1
39721.018262,4,0,0,1002044,1
39726.598744,4,0,0,1002026,1
39729.827746,4,0,0,1002027,1
39730.268967,4,0,0,1001985,1
39731.549916,4,0,0,1001931,1
39734.509488,4,0,0,1001895,1
39735.567706,4,0,0,1001871,1
39735.691061,4,0,0,1001886,1
39741.939023,4,0,0,1001937,1
39748.108480,4,0,0,1001883,1
39750.025559,4,0,0,1001955,1
39758.890842,4,0,0,1001577,1
39761.564727,4,0,0,1001589,1
39771.125484,4,0,0,1001705,1
39776.241114,4,0,0,1001871,1
39780.399568,4,0,0,1001719,1
39781.470543,4,0,0,1001684,1
39785.074942,4,0,0,1001846,1
39795.822313,4,0,0,1001923,1
39797.561443,4,0,0,1001863,1
39807.348595,4,0,0,1001782,1
39818.792396,4,0,0,1001645,1
39820.705570,4,0,0,1001657,1
39826.198211,4,0,0,1001559,1
39837.167473,4,0,0,1001492,1
39837.543732,4,0,0,1001508,1
39847.622670,4,0,0,1001534,1
39848.634872,4,0,0,1001534,1
39857.695747,4,0,0,1001858,1
39862.953602,4,0,0,1001865,1
39864.971296,4,0,0,1001712,1
39865.755878,4,0,0,1001656,1
39870.578300,4,0,0,1001838,1
39879.576560,4,0,0,1002024,1
39887.822662,4,0,0,1002041,1
39892.552499,4,0,0,1002070,1
39907.516011,4,0,0,1001990,1
39911.776953,4,0,0,1001950,1
39912.830648,4,0,0,1001885,1
39915.511967,4,0,0,1001834,1
39917.474622,4,0,0,1001762,1
39940.521219,4,0,0,1001722,1
39942.808054,4,0,0,1001680,1
39966.325657,4,0,0,1001444,1
39969.822136,4,0,0,1001564,1
39970.725939,4,0,0,1001620,1
39971.096394,4,0,0,1001578,1
39973.307244,4,0,0,1001602,1
39973.936894,4,0,0,1001623,1
39978.748156,4,0,0,1001705,1
39981.302104,4,0,0,1001698,1
40003.773841,4,0,0,1001593,1
40016.482075,4,0,0,1001800,1
40017.254621,4,0,0,1001793,1
40019.655769,4,0,0,1001728,1
40022.615143,4,0,0,1001669,1
40026.549748,4,0,0,1001732,1
40033.795183,4,0,0,1001534,1
40036.987542,4,0,0,1001637,1
40039.591285,4,0,0,1001631,1
40041.043502,4,0,0,1001551,1
40052.596490,4,0,0,1001349,1
40052.704151,4,0,0,1001352,1
40060.930773,4,0,0,1001300,1
40061.928990,4,0,0,1001246,1
40067.462262,4,0,0,1001234,1
40069.559868,4,0,0,1001280,1
40087.044488,4,0,0,1001543,1
40087.670613,4,0,0,1001532,1
40088.663541,4,0,0,1001521,1
40099.190149,4,0,0,1001444,1
40103.375727,4,0,0,1001444,1
40105.144193,4,0,0,1001410,1
40105.147849,4,0,0,1001415,1
40106.382283,4,0,0,1001365,1
40107.133345,4,0,0,1001360,1
40108.220532,4,0,0,1001293,1
40119.054262,4,0,0,1001306,1
40128.921672,4,0,0,1001320,1
40134.681276,4,0,0,1001341,1
40137.720484,4,0,0,1001522,1
40146.110580,4,0,0,1001529,1
40149.384090,4,0,0,1001582,1
40151.543469,4,0,0,1001638,1
40153.084617,4,0,0,1001766,1
40165.449604,4,0,0,1001850,1
40167.788806,4,0,0,1001783,1
40171.034470,4,0,0,1001888,1
40172.437960,4,0,0,1001802,1
40182.774863,4,0,0,1001837,1
40185.085101,4,0,0,1001847,1
40186.773475,4,0,0,1001853,1
40192.817369,4,0,0,1001901,1
40193.829752,4,0,0,1001939,1
40194.430988,4,0,0,1001953,1
40203.101867,4,0,0,1001852,1
40209.617528,4,0,0,1001920,1
40213.885439,4,0,0,1001861,1
40215.215469,4,0,0,1001948,1
40219.881542,4,0,0,1002019,1
40224.743247,4,0,0,1002064,1
40226.640220,4,0,0,1002161,1
40226.974221,4,0,0,1002167,1
40237.130583,4,0,0,1002272,1
40240.075570,4,0,0,1002268,1
40246.974947,4,0,0,1002415,1
40248.374915,4,0,0,1002469,1
40252.652954,4,0,0,1002336,1
40255.329790,4,0,0,1002307,1
40257.631024,4,0,0,1002287,1
40258.278673,4,0,0,1002370,1
40259.617392,4,0,0,1002327,1
40260.012536,4,0,0,1002332,1
40261.737000,4,0,0,1002416,1
40268.207458,4,0,0,1002592,1
40272.770220,4,0,0,1002507,1
40278.104680,4,0,0,1002679,1
40278.144920,4,0,0,1002664,1
40283.567233,4,0,0,1002829,1
40286.910981,4,0,0,1002783,1
40288.165948,4,0,0,1002842,1
40289.084886,4,0,0,1002936,1
40290.062617,4,0,0,1002839,1
40298.951349,4,0,0,1003014,1
40318.313687,4,0,0,1002858,1
40330.026527,4,0,0,1002580,1
40332.066364,4,0,0,1002615,1
40339.308776,4,0,0,1002418,1
40343.088131,4,0,0,1002498,1
40351.191314,4,0,0,1002514,1
40354.351466,4,0,0,1002485,1
40358.612737,4,0,0,1002533,1
40366.010746,4,0,0,1002671,1
40366.515616,4,0,0,1002660,1
40370.196424,4,0,0,1002719,1
40372.374575,4,0,0,1002725,1
40376.806191,4,0,0,1002631,1
40392.051418,4,0,0,1002714,1
40394.436326,4,0,0,1002794,1
40396.822416,4,0,0,1002762,1
40404.296834,4,0,0,1002646,1
40409.248237,4,0,0,1002638,1
40411.641506,4,0,0,1002687,1
40417.223675,4,0,0,1002653,1
40419.697408,4,0,0,1002459,1
40420.396786,4,0,0,1002474,1
40423.260041,4,0,0,1002561,1
40425.205958,4,0,0,1002602,1
40426.381172,4,0,0,1002716,1
40438.812287,4,0,0,1002431,1
40444.404984,4,0,0,1002498,1
40448.770785,4,0,0,1002468,1
40455.333786,4,0,0,1002468,1
40459.066119,4,0,0,1002661,1
40464.829611,4,0,0,1002386,1
40477.579255,4,0,0,1002127,1
40487.067461,4,0,0,1002017,1
40487.943407,4,0,0,1001935,1
40489.403009,4,0,0,1001892,1
40489.758180,4,0,0,1001933,1
40508.150532,4,0,0,1001633,1
40509.439652,4,0,0,1001563,1
40514.604782,4,0,0,1001591,1
40515.053647,4,0,0,1001620,1
40516.185067,4,0,0,1001646,1
40519.525388,4,0,0,1001684,1
40520.055393,4,0,0,1001644,1
40522.409310,4,0,0,1001555,1
40526.100253,4,0,0,1001690,1
40528.080657,4,0,0,1001666,1
40531.960611,4,0,0,1001711,1
40535.638955,4,0,0,1001738,1
40538.006478,4,0,0,1001563,1
40543.702404,4,0,0,1001548,1
40549.126285,4,0,0,1001661,1
40554.683136,4,0,0,1001670,1
40558.623651,4,0,0,1001737,1
40560.742584,4,0,0,1001822,1
40565.281772,4,0,0,1002112,1
40578.401724,4,0,0,1002219,1
40582.744555,4,0,0,1001989,1
40601.347067,4,0,0,1002016,1
40604.127200,4,0,0,1002054,1
40610.559083,4,0,0,1002158,1
40610.742296,4,0,0,1002173,1
40617.658991,4,0,0,1002256,1
40621.150281,4,0,0,1002216,1
40621.175762,4,0,0,1002216,1
40622.727459,4,0,0,1002258,1
40626.385867,4,0,0,1002262,1
40633.368767,4,0,0,1002367,1
40633.629535,4,0,0,1002351,1
40637.436358,4,0,0,1002218,1
40645.153301,4,0,0,1002201,1
40650.165759,4,0,0,1001983,1
40662.976868,4,0,0,1001917,1
40663.348137,4,0,0,1001938,1
40664.897232,4,0,0,1001977,1
40676.924871,4,0,0,1001985,1
40683.847228,4,0,0,1001940,1
40688.223995,4,0,0,1001804,1
40696.778144,4,0,0,1001866,1
40707.599025,4,0,0,1001853,1
40724.814741,4,0,0,1001904,1
40755.961488,4,0,0,1002147,1
40756.680473,4,0,0,1002230,1
40757.030148,4,0,0,1002200,1
40757.394887,4,0,0,1002123,1
40757.465887,4,0,0,1002116,1
40774.526402,4,0,0,1002272,1
40775.002312,4,0,0,1002241,1
40783.814223,4,0,0,1002490,1
40789.338622,4,0,0,1002663,1
40792.534368,4,0,0,1002542,1
40794.569266,4,0,0,1002500,1
40796.655310,4,0,0,1002526,1
40798.054959,4,0,0,1002521,1
40809.619313,4,0,0,1002085,1
40815.801399,4,0,0,1002027,1
40815.926959,4,0,0,1002048,1
40818.885814,4,0,0,1002068,1
40820.464710,4,0,0,1002067,1
40820.605213,4,0,0,1002039,1
40830.930304,4,0,0,1002211,1
40837.976295,4,0,0,1002089,1
40839.888688,4,0,0,1002084,1
40847.500251,4,0,0,1002279,1
40849.376434,4,0,0,1002294,1
40851.135472,4,0,0,1002155,1
40863.719325,4,0,0,1002122,1
40881.733341,4,0,0,1001997,1
40885.277250,4,0,0,1001916,1
40899.785528,4,0,0,1002036,1
40910.250024,4,0,0,1001880,1
40913.738844,4,0,0,1001885,1
40915.968275,4,0,0,1001849,1
40921.891162,4,0,0,1001769,1
40924.798123,4,0,0,1001565,1
40929.240696,4,0,0,1001340,1
40951.451626,4,0,0,1001643,1
40958.558767,4,0,0,1001479,1
40960.503657,4,0,0,1001513,1
40960.949203,4,0,0,1001484,1
40961.926481,4,0,0,1001490,1
40965.503578,4,0,0,1001498,1
40968.083553,4,0,0,1001500,1
40975.792459,4,0,0,1001508,1
40988.727555,4,0,0,1001330,1
40989.663720,4,0,0,1001301,1
40999.064020,4,0,0,1001305,1
41014.148657,4,0,0,1001407,1
41029.472036,4,0,0,1001753,1
41029.656535,4,0,0,1001766,1
41029.940027,4,0,0,1001768,1
41029.967819,4,0,0,1001765,1
41031.760113,4,0,0,1001829,1
41032.034054,4,0,0,1001863,1
41033.697232,4,0,0,1001886,1
41035.800825,4,0,0,1001878,1
41050.485544,4,0,0,1001964,1
41053.583367,4,0,0,1001872,1
41055.141936,4,0,0,1001845,1
41058.483996,4,0,0,1001943,1
41063.412284,4,0,0,1002028,1
41063.976010,4,0,0,1002020,1
41070.759176,4,0,0,1002146,1
41079.889821,4,0,0,1002055,1
41088.778241,4,0,0,1002157,1
41099.351090,4,0,0,1002377,1
41101.650327,4,0,0,1002425,1
41104.454450,4,0,0,1002395,1
41104.966480,4,0,0,1002393,1
41106.189845,4,0,0,1002304,1
41123.166357,4,0,0,1002269,1
41124.767404,4,0,0,1002255,1
41136.141053,4,0,0,1002356,1
41146.715886,4,0,0,1002004,1
41158.940905,4,0,0,1001788,1
41159.752454,4,0,0,1001765,1
41169.876258,4,0,0,1001850,1
41174.654627,4,0,0,1001971,1
41175.785182,4,0,0,1001894,1
41177.808542,4,0,0,1001856,1
41178.641489,4,0,0,1001910,1
41181.450281,4,0,0,1001996,1
41181.868498,4,0,0,1001995,1
41182.732269,4,0,0,1001960,1
41183.782172,4,0,0,1002035,1
41189.396294,4,0,0,1002077,1
41193.472933,4,0,0,1002066,1
41203.348966,4,0,0,1002139,1
41204.690009,4,0,0,1002091,1
41209.437473,4,0,0,1002007,1
41209.604955,4,0,0,1001987,1
41213.075620,4,0,0,1001977,1
41222.585090,4,0,0,1001882,1
41242.389141,4,0,0,1001870,1
41242.436568,4,0,0,1001890,1
41243.829833,4,0,0,1001932,1
41245.041128,4,0,0,1001808,1
41245.273936,4,0,0,1001821,1
41245.322810,4,0,0,1001813,1
41248.543227,4,0,0,1001678,1
41248.765731,4,0,0,1001693,1
41250.324894,4,0,0,1001546,1
41255.208050,4,0,0,1001508,1
41256.876847,4,0,0,1001444,1
41258.378904,4,0,0,1001390,1
41262.647119,4,0,0,1001370,1
41264.936249,4,0,0,1001286,1
41270.731609,4,0,0,1001153,1
41274.007941,4,0,0,1001265,1
41278.802108,4,0,0,1001238,1
41280.886277,4,0,0,1001277,1
41282.503521,4,0,0,1001250,1
41283.186847,4,0,0,1001299,1
41296.407836,4,0,0,1001341,1
41304.217946,4,0,0,1001151,1
41317.511515,4,0,0,1001021,1
41318.491578,4,0,0,1000925,1
41331.423343,4,0,0,1000919,1
41344.544556,4,0,0,1000944,1
41346.138395,4,0,0,1001007,1
41347.673154,4,0,0,1001033,1
41351.505251,4,0,0,1001083,1
41352.484779,4,0,0,1001092,1
41355.274280,4,0,0,1001164,1
41356.253974,4,0,0,1001219,1
41370.329073,4,0,0,1001460,1
41373.583642,4,0,0,1001445,1
41389.462586,4,0,0,1001598,1
41394.412148,4,0,0,1001644,1
41397.577753,4,0,0,1001784,1
41413.985299,4,0,0,1001814,1
41414.723994,4,0,0,1001828,1
41419.506715,4,0,0,1002045,1
41424.690047,4,0,0,1001859,1
41427.409285,4,0,0,1001850,1
41427.701782,4,0,0,1001914,1
41430.945955,4,0,0,1002081,1
41433.936987,4,0,0,1002089,1
41441.794132,4,0,0,1002146,1
41443.211895,4,0,0,1002046,1
41445.585853,4,0,0,1002095,1
41446.898744,4,0,0,1002219,1
41452.442471,4,0,0,1002369,1
41474.399797,4,0,0,1002442,1
41475.333432,4,0,0,1002450,1
41483.568743,4,0,0,1002572,1
41484.824207,4,0,0,1002665,1
41485.109689,4,0,0,1002662,1
41485.824049,4,0,0,1002634,1
41498.900821,4,0,0,1002436,1
41509.388659,4,0,0,1002609,1
41511.020787,4,0,0,1002517,1
41525.131274,4,0,0,1002283,1
41534.197294,4,0,0,1002316,1
41536.923418,4,0,0,1002277,1
41539.940577,4,0,0,1002226,1
41544.691205,4,0,0,1002009,1
41545.513427,4,0,0,1002018,1
41545.584613,4,0,0,1002020,1
41547.059633,4,0,0,1001921,1
41547.134030,4,0,0,1001932,1
41552.499051,4,0,0,1001970,1
41556.331545,4,0,0,1001910,1
41558.186611,4,0,0,1001999,1
41565.428540,4,0,0,1001880,1
41566.181739,4,0,0,1001799,1
41567.524342,4,0,0,1001886,1
41569.177049,4,0,0,1001890,1
41570.219430,4,0,0,1001901,1
41570.659419,4,0,0,1001857,1
41580.410799,4,0,0,1001767,1
41580.852099,4,0,0,1001802,1
41586.354342,4,0,0,1001826,1
41586.967563,4,0,0,1001776,1
41587.018980,4,0,0,1001765,1
41590.913682,4,0,0,1001852,1
41602.272535,4,0,0,1001683,1
41611.686172,4,0,0,1001850,1
41613.661133,4,0,0,1001926,1
41613.792748,4,0,0,1001902,1
41621.506444,4,0,0,1002076,1
41629.344781,4,0,0,1002035,1
41639.041767,4,0,0,1002320,1
41644.336058,4,0,0,1002427,1
41652.218798,4,0,0,1002243,1
41663.107044,4,0,0,1002575,1
41665.998107,4,0,0,1002582,1
41669.898827,4,0,0,1002566,1
41673.271046,4,0,0,1002368,1
41678.899990,4,0,0,1002417,1
41684.390105,4,0,0,1002545,1
41687.901602,4,0,0,1002589,1
41696.328677,4,0,0,1002633,1
41699.697493,4,0,0,1002704,1
41708.025025,4,0,0,1002929,1
41709.607539,4,0,0,1002941,1
41710.547369,4,0,0,1002912,1
41727.288137,4,0,0,1003011,1
41733.762941,4,0,0,1003062,1
41735.200878,4,0,0,1003125,1
41739.361610,4,0,0,1003128,1
41754.212773,4,0,0,1003008,1
41754.615255,4,0,0,1002987,1
41755.032217,4,0,0,1002982,1
41759.646398,4,0,0,1002991,1
41760.861660,4,0,0,1003063,1
41767.787655,4,0,0,1002912,1
41771.801339,4,0,0,1002995,1
41777.045848,4,0,0,1003184,1
41777.591153,4,0,0,1003171,1
41778.012022,4,0,0,1003221,1
41782.701929,4,0,0,1003097,1
41785.221837,4,0,0,1002969,1
41785.658232,4,0,0,1002992,1
41787.874841,4,0,0,1003030,1
41793.205411,4,0,0,1003302,1
41794.210223,4,0,0,1003313,1
41805.016671,4,0,0,1003354,1
41819.321608,4,0,0,1003457,1
41834.899547,4,0,0,1003809,1
41841.159622,4,0,0,1003696,1
41843.651731,4,0,0,1003749,1
41850.160172,4,0,0,1003708,1
41851.783742,4,0,0,1003655,1
41853.588125,4,0,0,1003685,1
41858.038981,4,0,0,1003657,1
41862.357667,4,0,0,1003708,1
41872.439485,4,0,0,1003705,1
41873.844017,4,0,0,1003612,1
41880.790502,4,0,0,1003483,1
41894.320018,4,0,0,1003264,1
41894.324958,4,0,0,1003262,1
41897.414911,4,0,0,1003412,1
41902.530192,4,0,0,1003381,1
41911.390258,4,0,0,1003492,1
41912.360701,4,0,0,1003479,1
41921.629353,4,0,0,1003341,1
41923.795321,4,0,0,1003358,1
41934.445944,4,0,0,1003320,1
41934.580276,4,0,0,1003296,1
41935.006928,4,0,0,1003312,1
41954.055976,4,0,0,1003190,1
41958.550764,4,0,0,1003167,1
41961.135087,4,0,0,1003085,1
41962.021219,4,0,0,1003135,1
41967.038019,4,0,0,1003205,1
41967.218110,4,0,0,1003209,1
41969.002988,4,0,0,1003253,1
41970.870974,4,0,0,1003208,1
41975.340612,4,0,0,1003314,1
41980.370128,4,0,0,1003334,1
41989.314260,4,0,0,1003456,1
42001.863126,4,0,0,1003521,1
42007.026275,4,0,0,1003619,1
42011.152191,4,0,0,1003587,1
42013.583715,4,0,0,1003622,1
42029.833676,4,0,0,1003644,1
42030.633511,4,0,0,1003677,1
42041.410605,4,0,0,1003721,1
42043.191312,4,0,0,1003661,1
42046.992157,4,0,0,1003735,1
42052.469617,4,0,0,1003697,1
42053.759273,4,0,0,1003735,1
42054.636912,4,0,0,1003686,1
42058.031939,4,0,0,1003597,1
42065.534450,4,0,0,1003745,1
42071.170080,4,0,0,1003567,1
42071.775550,4,0,0,1003542,1
42082.817517,4,0,0,1003836,1
42085.940873,4,0,0,1003638,1
42099.952877,4,0,0,1004222,1
42103.806357,4,0,0,1004111,1
42104.229935,4,0,0,1004090,1
42105.311301,4,0,0,1004025,1
42114.516529,4,0,0,1003978,1
42120.366907,4,0,0,1003988,1
42131.137294,4,0,0,1004020,1
42133.045488,4,0,0,1004024,1
42136.634213,4,0,0,1003920,1
42141.657803,4,0,0,1003746,1
42145.969931,4,0,0,1003859,1
42147.228345,4,0,0,1003942,1
42149.888691,4,0,0,1003952,1
42151.251790,4,0,0,1003924,1
42160.182291,4,0,0,1003735,1
42180.823750,4,0,0,1003910,1
42181.153045,4,0,0,1003874,1
42187.135271,4,0,0,1004037,1
42189.050379,4,0,0,1004033,1
42193.744295,4,0,0,1004042,1
42195.171511,4,0,0,1004053,1
42200.203442,4,0,0,1004148,1
42202.420684,4,0,0,1004291,1
42204.090354,4,0,0,1004316,1
42215.694908,4,0,0,1004318,1
42229.346352,4,0,0,1004160,1
42233.890951,4,0,0,1003895,1
42235.044813,4,0,0,1003964,1
42248.446843,4,0,0,1003700,1
42255.082009,4,0,0,1003711,1
42261.729379,4,0,0,1003593,1
42262.866558,4,0,0,1003547,1
42271.340915,4,0,0,1003410,1
42272.653322,4,0,0,1003368,1
42277.426832,4,0,0,1003340,1
42283.356077,4,0,0,1003457,1
42289.839110,4,0,0,1003404,1
42292.203921,4,0,0,1003303,1
42299.022061,4,0,0,1003346,1
42310.170855,4,0,0,1003221,1
42314.402709,4,0,0,1003165,1
42314.855667,4,0,0,1003177,1
42315.515717,4,0,0,1003140,1
42316.047372,4,0,0,1003089,1
42316.953761,4,0,0,1003104,1
42317.599864,4,0,0,1003067,1
42324.800619,4,0,0,1002954,1
42324.992819,4,0,0,1002951,1
42326.314439,4,0,0,1003002,1
42336.412254,4,0,0,1003365,1
42353.769976,4,0,0,1003455,1
42358.215082,4,0,0,1003463,1
42376.090746,4,0,0,1003065,1
42376.303092,4,0,0,1003113,1
42390.488160,4,0,0,1003341,1
42392.270832,4,0,0,1003263,1
42399.939459,4,0,0,1003228,1
42407.893607,4,0,0,1003330,1
42417.291578,4,0,0,1003252,1
42420.224137,4,0,0,1003128,1
42432.979607,4,0,0,1003207,1
42434.405298,4,0,0,1003185,1
42447.430193,4,0,0,1003438,1
42452.044183,4,0,0,1003233,1
42472.262698,4,0,0,1003448,1
42472.421339,4,0,0,1003468,1
42478.595141,4,0,0,1003323,1
42482.580152,4,0,0,1003302,1
42485.821512,4,0,0,1003238,1
42487.255747,4,0,0,1003172,1
42489.147472,4,0,0,1003043,1
42490.519166,4,0,0,1003107,1
42491.702327,4,0,0,1003137,1
42499.387341,4,0,0,1003145,1
42502.723536,4,0,0,1003023,1
42503.138702,4,0,0,1003065,1
42510.311153,4,0,0,1003226,1
42513.957417,4,0,0,1003267,1
42520.385187,4,0,0,1003294,1
42523.847908,4,0,0,1003230,1
42526.289223,4,0,0,1003131,1
42546.778609,4,0,0,1003301,1
42546.915552,4,0,0,1003302,1
42559.819378,4,0,0,1003288,1
42572.589382,4,0,0,1003188,1
42574.959323,4,0,0,1003206,1
42576.113168,4,0,0,1003255,1
42580.728334,4,0,0,1003211,1
42581.665124,4,0,0,1003153,1
42589.435535,4,0,0,1003068,1
42590.835793,4,0,0,1002991,1
42592.478327,4,0,0,1002951,1
42604.313303,4,0,0,1003447,1
42615.461159,4,0,0,1003573,1
42619.125207,4,0,0,1003524,1
42628.621154,4,0,0,1003643,1
42630.698957,4,0,0,1003674,1
42660.135914,4,0,0,1003654,1
42662.853885,4,0,0,1003792,1
42664.523495,4,0,0,1003794,1
42664.726469,4,0,0,1003807,1
42686.601120,4,0,0,1003941,1
42689.589951,4,0,0,1003989,1
42695.930433,4,0,0,1003979,1
42700.824662,4,0,0,1003966,1
42706.962540,4,0,0,1004054,1
42707.213315,4,0,0,1004028,1
42719.289012,4,0,0,1003913,1
42731.789300,4,0,0,1004089,1
42735.627406,4,0,0,1003973,1
42751.506100,4,0,0,1003850,1
42753.082698,4,0,0,1003937,1
42757.488289,4,0,0,1003901,1
42759.901937,4,0,0,1003792,1
42764.628993,4,0,0,1003857,1
42766.338219,4,0,0,1003844,1
42774.517948,4,0,0,1003679,1
42774.863736,4,0,0,1003656,1
42775.068223,4,0,0,1003625,1
42775.310368,4,0,0,1003650,1
42776.089768,4,0,0,1003690,1
42778.494616,4,0,0,1003600,1
42793.359446,4,0,0,1003298,1
42793.920752,4,0,0,1003274,1
42798.905599,4,0,0,1003211,1
42802.490478,4,0,0,1003209,1
42804.573524,4,0,0,1003333,1
42805.629403,4,0,0,1003325,1
42806.820690,4,0,0,1003292,1
42807.034885,4,0,0,1003295,1
42813.004362,4,0,0,1003327,1
42818.075248,4,0,0,1003269,1
42820.879067,4,0,0,1003180,1
42826.945772,4,0,0,1003150,1
42827.502675,4,0,0,1003074,1
42840.849813,4,0,0,1003015,1
42849.843010,4,0,0,1003090,1
42854.986182,4,0,0,1003149,1
42857.262190,4,0,0,1003267,1
42859.837774,4,0,0,1003308,1
42862.983383,4,0,0,1003477,1
42876.069796,4,0,0,1003965,1
42885.592091,4,0,0,1003882,1
42888.698813,4,0,0,1004031,1
42892.563919,4,0,0,1003782,1
42902.519118,4,0,0,1004036,1
42916.768910,4,0,0,1004057,1
42921.641591,4,0,0,1004071,1
42928.239870,4,0,0,1003849,1
42930.310977,4,0,0,1003727,1
42942.267580,4,0,0,1003811,1
42950.931258,4,0,0,1003728,1
42954.770013,4,0,0,1003619,1
42964.435810,4,0,0,1003635,1
42973.499962,4,0,0,1003613,1
42981.398457,4,0,0,1003517,1
42982.067938,4,0,0,1003555,1
42985.738386,4,0,0,1003692,1
42996.782323,4,0,0,1004005,1
43003.824693,4,0,0,1004087,1
43006.434370,4,0,0,1004063,1
43024.652341,4,0,0,1004238,1
43026.032391,4,0,0,1004160,1
43027.972500,4,0,0,1004137,1
43042.711546,4,0,0,1004171,1
43050.617630,4,0,0,1003960,1
43061.640267,4,0,0,1004274,1
43061.695989,4,0,0,1004294,1
43063.979184,4,0,0,1004444,1
43065.262910,4,0,0,1004473,1
43066.940139,4,0,0,1004488,1
43073.342440,4,0,0,1004478,1
43079.497464,4,0,0,1004566,1
43082.458789,4,0,0,1004514,1
43084.631598,4,0,0,1004432,1
43088.831946,4,0,0,1004363,1
43092.478812,4,0,0,1004360,1
43096.301839,4,0,0,1004402,1
43100.870333,4,0,0,1004393,1
43103.277536,4,0,0,1004361,1
43110.338436,4,0,0,1004260,1
43111.721230,4,0,0,1004292,1
43116.818710,4,0,0,1004398,1
43132.252633,4,0,0,1004306,1
43132.269655,4,0,0,1004307,1
43138.412156,4,0,0,1004563,1
43138.963793,4,0,0,1004613,1
43142.715121,4,0,0,1004662,1
43147.427970,4,0,0,1004706,1
43148.758350,4,0,0,1004758,1
43160.476971,4,0,0,1004835,1
43165.131200,4,0,0,1004849,1
43166.391056,4,0,0,1004830,1
43173.418855,4,0,0,1004894,1
43173.951817,4,0,0,1004876,1
43177.824513,4,0,0,1004920,1
43178.301422,4,0,0,1004955,1
43182.459288,4,0,0,1004983,1
43183.853439,4,0,0,1005005,1
43188.864312,4,0,0,1004959,1
43194.878374,4,0,0,1005084,1
43198.428611,4,0,0,1004930,1
43203.550602,4,0,0,1004883,1
43211.572490,4,0,0,1004951,1
43219.448605,4,0,0,1005028,1
43224.069658,4,0,0,1005118,1
43226.936910,4,0,0,1005174,1
43229.442415,4,0,0,1005155,1
43239.372504,4,0,0,1005011,1
43245.174436,4,0,0,1005148,1
43246.151886,4,0,0,1005149,1
43250.138854,4,0,0,1005082,1
43261.585943,4,0,0,1005393,1
43262.366665,4,0,0,1005429,1
43271.294155,4,0,0,1005269,1
43279.496271,4,0,0,1005331,1
43282.803219,4,0,0,1005412,1
43282.986333,4,0,0,1005432,1
43283.749150,4,0,0,1005403,1
43295.982453,4,0,0,1005117,1
43296.198315,4,0,0,1005131,1
43298.425841,4,0,0,1005082,1
43303.038827,4,0,0,1005028,1
43304.087253,4,0,0,1005003,1
43323.052012,4,0,0,1005041,1
43323.862573,4,0,0,1005005,1
43327.571048,4,0,0,1004880,1
43332.171150,4,0,0,1004846,1
43333.426623,4,0,0,1004767,1
43336.428168,4,0,0,1004844,1
43339.656216,4,0,0,1004869,1
43346.616500,4,0,0,1004998,1
43351.424651,4,0,0,1005255,1
43354.437325,4,0,0,1005144,1
43359.692649,4,0,0,1005070,1
43362.579753,4,0,0,1004941,1
43366.145345,4,0,0,1004907,1
43371.281966,4,0,0,1004968,1
43372.237535,4,0,0,1004915,1
43379.653240,4,0,0,1005116,1
43384.067473,4,0,0,1005115,1
43402.847172,4,0,0,1005511,1
43404.049445,4,0,0,1005534,1
43407.050609,4,0,0,1005618,1
43417.853056,4,0,0,1005642,1
43422.250085,4,0,0,1005706,1
43428.437685,4,0,0,1005530,1
43430.989597,4,0,0,1005558,1
43436.500905,4,0,0,1005657,1
43450.457506,4,0,0,1005627,1
43451.525244,4,0,0,1005597,1
43459.397710,4,0,0,1005804,1
43476.086007,4,0,0,1006144,1
43476.156158,4,0,0,1006142,1
43477.314537,4,0,0,1006157,1
43477.911353,4,0,0,1006136,1
43484.883156,4,0,0,1006264,1
43485.288045,4,0,0,1006260,1
43516.101177,4,0,0,1006107,1
43518.460874,4,0,0,1006117,1
43529.722626,4,0,0,1006166,1
43530.721486,4,0,0,1006112,1
43533.500469,4,0,0,1006003,1
43542.406168,4,0,0,1006036,1
43546.729843,4,0,0,1006015,1
43549.694354,4,0,0,1005899,1
43553.130085,4,0,0,1005845,1
43557.207651,4,0,0,1005997,1
43559.981909,4,0,0,1005934,1
43561.010204,4,0,0,1006004,1
43561.588582,4,0,0,1005980,1
43562.372333,4,0,0,1005980,1
43562.630065,4,0,0,1005942,1
43566.539995,4,0,0,1005996,1
43575.536151,4,0,0,1005856,1
43577.662830,4,0,0,1005914,1
43578.037093,4,0,0,1005874,1
43580.688300,4,0,0,1005681,1
43585.092224,4,0,0,1005577,1
43587.740761,4,0,0,1005604,1
43595.697235,4,0,0,1005796,1
43609.298022,4,0,0,1005825,1
43619.046998,4,0,0,1005831,1
43624.866142,4,0,0,1005673,1
43627.903557,4,0,0,1005593,1
43633.390526,4,0,0,1005578,1
43633.455099,4,0,0,1005585,1
43652.786876,4,0,0,1005460,1
43653.689510,4,0,0,1005483,1
43665.004891,4,0,0,1005237,1
43672.871025,4,0,0,1005131,1
43680.567478,4,0,0,1005356,1
43682.064834,4,0,0,1005358,1
43683.247296,4,0,0,1005426,1
43685.924178,4,0,0,1005432,1
43694.972412,4,0,0,1005479,1
43697.833374,4,0,0,1005451,1
43710.929868,4,0,0,1005261,1
43713.008754,4,0,0,1005226,1
43717.626166,4,0,0,1005140,1
43736.495695,4,0,0,1005185,1
43741.425385,4,0,0,1005101,1
43741.647969,4,0,0,1005124,1
43744.624930,4,0,0,1005132,1
43746.573231,4,0,0,1005200,1
43750.204478,4,0,0,1005266,1
43751.806341,4,0,0,1005130,1
43752.429683,4,0,0,1005111,1
43757.704371,4,0,0,1005153,1
43763.171221,4,0,0,1004932,1
43772.819432,4,0,0,1004923,1
43773.498207,4,0,0,1004995,1
43781.158459,4,0,0,1004993,1
43789.538409,4,0,0,1004973,1
43794.509672,4,0,0,1005034,1
43795.605799,4,0,0,1005071,1
43797.054267,4,0,0,1005039,1
43799.645691,4,0,0,1004947,1
43803.376230,4,0,0,1005237,1
43806.478505,4,0,0,1005249,1
43809.490369,4,0,0,1005140,1
43818.245352,4,0,0,1005428,1
43828.001373,4,0,0,1005372,1
43836.112677,4,0,0,1005494,1
43846.160752,4,0,0,1005426,1
43850.206156,4,0,0,1005481,1
43866.100806,4,0,0,1005945,1
43870.559527,4,0,0,1006085,1
43874.986807,4,0,0,1006014,1
43876.825340,4,0,0,1005972,1
43882.289857,4,0,0,1005766,1
43882.544940,4,0,0,1005780,1
43883.235657,4,0,0,1005771,1
43883.902661,4,0,0,1005713,1
43888.992378,4,0,0,1005900,1
43889.913843,4,0,0,1005959,1
43891.908320,4,0,0,1006031,1
43892.124966,4,0,0,1006020,1
43893.397528,4,0,0,1005871,1
43909.317256,4,0,0,1005626,1
43912.718681,4,0,0,1005645,1
43913.501568,4,0,0,1005603,1
43917.039995,4,0,0,1005507,1
43930.776189,4,0,0,1005519,1
43940.372397,4,0,0,1005629,1
43942.751349,4,0,0,1005605,1
43944.347344,4,0,0,1005690,1
43951.203538,4,0,0,1005731,1
43952.518393,4,0,0,1005736,1
43953.920564,4,0,0,1005751,1
43954.340407,4,0,0,1005807,1
43963.882054,4,0,0,1005929,1
43966.721489,4,0,0,1006094,1
43970.665221,4,0,0,1006055,1
43977.044145,4,0,0,1005937,1
43984.654070,4,0,0,1006047,1
43987.490123,4,0,0,1006040,1
43988.462840,4,0,0,1006055,1
43996.897297,4,0,0,1005864,1
43997.047812,4,0,0,1005884,1
44011.064443,4,0,0,1005898,1
44015.176823,4,0,0,1005713,1
44025.131442,4,0,0,1005613,1
44029.614781,4,0,0,1005801,1
44031.000490,4,0,0,1005797,1
44032.679042,4,0,0,1005697,1
44036.317866,4,0,0,1005636,1
44051.959123,4,0,0,1005623,1
44052.933996,4,0,0,1005626,1
44056.342818,4,0,0,1005521,1
44058.356496,4,0,0,1005499,1
44065.375842,4,0,0,1005569,1
44073.137960,4,0,0,1005409,1
44075.779484,4,0,0,1005277,1
44076.870806,4,0,0,1005201,1
44077.202758,4,0,0,1005218,1
44078.261314,4,0,0,1005188,1
44079.781378,4,0,0,1005202,1
44084.146797,4,0,0,1005322,1
44094.013797,4,0,0,1005212,1
44094.669760,4,0,0,1005207,1
44109.844298,4,0,0,1005478,1
44115.338395,4,0,0,1005562,1
44121.813656,4,0,0,1005486,1
44141.256563,4,0,0,1005319,1
44143.828331,4,0,0,1005452,1
44147.453471,4,0,0,1005432,1
44152.888224,4,0,0,1005560,1
44156.326167,4,0,0,1005552,1
44158.025015,4,0,0,1005534,1
44158.557323,4,0,0,1005510,1
44160.160429,4,0,0,1005612,1
44167.161699,4,0,0,1005641,1
44172.055596,4,0,0,1005684,1
44179.780619,4,0,0,1005871,1
44183.260403,4,0,0,1005896,1
44184.522781,4,0,0,1005909,1
44189.249049,4,0,0,1005981,1
44190.981385,4,0,0,1005972,1
44191.124659,4,0,0,1005981,1
44202.292958,4,0,0,1006030,1
44204.899801,4,0,0,1005970,1
44207.554392,4,0,0,1005954,1
44214.016472,4,0,0,1005877,1
44228.190922,4,0,0,1006075,1
44228.550757,4,0,0,1005995,1
44229.456993,4,0,0,1005999,1
44231.317061,4,0,0,1006119,1
44232.682149,4,0,0,1006163,1
44235.952517,4,0,0,1006245,1
44244.269173,4,0,0,1006323,1
44253.465700,4,0,0,1006333,1
44257.795996,4,0,0,1006309,1
44259.108897,4,0,0,1006289,1
44260.095490,4,0,0,1006305,1
44266.597246,4,0,0,1006279,1
44267.891564,4,0,0,1006355,1
44271.598084,4,0,0,1006514,1
44278.210839,4,0,0,1006600,1
44279.449306,4,0,0,1006538,1
44280.365954,4,0,0,1006682,1
44280.559768,4,0,0,1006668,1
44281.322956,4,0,0,1006614,1
44290.437264,4,0,0,1006493,1
44290.965573,4,0,0,1006511,1
44292.175608,4,0,0,1006508,1
44292.334809,4,0,0,1006504,1
44297.727190,4,0,0,1006632,1
44298.987098,4,0,0,1006749,1
44301.538371,4,0,0,1006661,1
44302.255421,4,0,0,1006672,1
44304.519027,4,0,0,1006548,1
44307.159534,4,0,0,1006547,1
44310.221068,4,0,0,1006637,1
44312.848342,4,0,0,1006749,1
44313.366628,4,0,0,1006760,1
44320.445607,4,0,0,1006934,1
44321.151036,4,0,0,1006981,1
44323.790338,4,0,0,1007083,1
44325.307481,4,0,0,1007036,1
44327.019275,4,0,0,1006969,1
44332.353877,4,0,0,1006939,1
44335.840259,4,0,0,1007121,1
44336.848020,4,0,0,1007131,1
44339.874938,4,0,0,1007125,1
44341.857777,4,0,0,1007210,1
44347.684965,4,0,0,1007394,1
44348.910110,4,0,0,1007310,1
44357.821242,4,0,0,1007281,1
44361.392058,4,0,0,1007166,1
44364.711228,4,0,0,1007144,1
44366.109898,4,0,0,1007107,1
44367.094511,4,0,0,1007072,1
44370.145664,4,0,0,1007018,1
44389.302356,4,0,0,1006915,1
44389.984023,4,0,0,1006943,1
44391.577315,4,0,0,1006947,1
44399.285777,4,0,0,1007041,1
44404.510121,4,0,0,1006979,1
44406.072134,4,0,0,1006951,1
44407.878124,4,0,0,1006968,1
44410.481494,4,0,0,1006958,1
44414.894782,4,0,0,1007226,1
44420.968283,4,0,0,1007227,1
44430.275005,4,0,0,1006943,1
44435.738133,4,0,0,1006943,1
44437.030997,4,0,0,1006954,1
44449.458618,4,0,0,1007314,1
44456.722192,4,0,0,1007123,1
44458.477771,4,0,0,1007160,1
44460.216707,4,0,0,1007043,1
44470.398332,4,0,0,1007193,1
44471.042508,4,0,0,1007176,1
44475.839954,4,0,0,1007089,1
44477.395043,4,0,0,1007055,1
44485.786917,4,0,0,1007090,1
44487.954074,4,0,0,1007057,1
44494.272654,4,0,0,1006938,1
44495.294191,4,0,0,1006968,1
44498.433269,4,0,0,1006911,1
44506.213075,4,0,0,1007088,1
44508.630888,4,0,0,1007040,1
44509.473262,4,0,0,1007031,1
44514.477532,4,0,0,1007291,1
44521.168036,4,0,0,1007178,1
44522.739564,4,0,0,1007115,1
44525.609075,4,0,0,1007038,1
44536.636939,4,0,0,1007168,1
44546.462768,4,0,0,1006951,1
44552.333674,4,0,0,1007020,1
44556.606025,4,0,0,1007105,1
44564.733746,4,0,0,1007093,1
44576.120240,4,0,0,1007223,1
44576.132241,4,0,0,1007217,1
44578.551953,4,0,0,1007247,1
44582.491579,4,0,0,1007258,1
44588.820156,4,0,0,1007060,1
44589.257704,4,0,0,1007036,1
44591.697499,4,0,0,1006970,1
44593.265234,4,0,0,1006893,1
44595.898046,4,0,0,1006930,1
44599.192004,4,0,0,1007034,1
44604.348928,4,0,0,1006881,1
44607.626324,4,0,0,1006838,1
44612.257269,4,0,0,1006780,1
44616.431770,4,0,0,1006791,1
44619.104735,4,0,0,1006627,1
44619.128581,4,0,0,1006631,1
44620.162555,4,0,0,1006715,1
44622.007474,4,0,0,1006801,1
44622.767351,4,0,0,1006862,1
44627.131281,4,0,0,1006994,1
44631.650583,4,0,0,1007011,1
44634.964719,4,0,0,1007030,1
44636.814156,4,0,0,1007128,1
44641.877010,4,0,0,1007162,1
44642.885930,4,0,0,1007069,1
44642.914124,4,0,0,1007066,1
44649.261040,4,0,0,1006961,1
44652.062574,4,0,0,1007085,1
44657.783297,4,0,0,1007123,1
44658.761383,4,0,0,1007095,1
44659.070488,4,0,0,1007080,1
44661.340939,4,0,0,1007215,1
44667.032562,4,0,0,1007077,1
44667.551177,4,0,0,1007100,1
44668.592978,4,0,0,1007090,1
44671.485115,4,0,0,1007086,1
44676.124644,4,0,0,1007121,1
44682.753507,4,0,0,1007206,1
44683.309116,4,0,0,1007213,1
44687.992684,4,0,0,1007155,1
44690.334782,4,0,0,1007218,1
44695.635499,4,0,0,1007265,1
44696.723445,4,0,0,1007350,1
44700.311334,4,0,0,1007528,1
44701.214460,4,0,0,1007459,1
44701.304600,4,0,0,1007439,1
44704.494688,4,0,0,1007437,1
44705.467699,4,0,0,1007476,1
44710.329245,4,0,0,1007317,1
44714.005593,4,0,0,1007621,1
44721.134543,4,0,0,1007706,1
44723.520530,4,0,0,1007699,1
44745.278284,4,0,0,1007723,1
44748.739239,4,0,0,1007707,1
44751.854204,4,0,0,1007826,1
44758.470043,4,0,0,1007849,1
44762.534197,4,0,0,1007765,1
44764.685898,4,0,0,1007730,1
44767.897412,4,0,0,1007603,1
44768.899577,4,0,0,1007638,1
44771.290476,4,0,0,1007525,1
44771.435882,4,0,0,1007501,1
44774.403691,4,0,0,1007591,1
44775.937395,4,0,0,1007627,1
44779.513119,4,0,0,1007524,1
44779.655128,4,0,0,1007509,1
44783.526336,4,0,0,1007455,1
44785.183665,4,0,0,1007476,1
44789.301844,4,0,0,1007451,1
44795.609747,4,0,0,1007254,1
44798.384164,4,0,0,1007376,1
44803.585463,4,0,0,1007363,1
44804.890420,4,0,0,1007289,1
44836.298042,4,0,0,1007189,1
44837.627989,4,0,0,1007118,1
44851.142549,4,0,0,1007088,1
44852.313187,4,0,0,1007069,1
44855.603203,4,0,0,1006966,1
44863.831297,4,0,0,1006990,1
44869.858178,4,0,0,1006814,1
44875.702920,4,0,0,1006750,1
44878.478214,4,0,0,1006635,1
44885.185202,4,0,0,1006482,1
44897.255412,4,0,0,1006398,1
44900.038496,4,0,0,1006567,1
44903.626857,4,0,0,1006440,1
44903.953412,4,0,0,1006479,1
44906.322210,4,0,0,1006395,1
44909.332088,4,0,0,1006404,1
44920.111501,4,0,0,1006544,1
44920.671528,4,0,0,1006604,1
44926.950323,4,0,0,1006695,1
44930.719324,4,0,0,1006672,1
44935.177937,4,0,0,1006669,1
44935.322463,4,0,0,1006681,1
44936.081047,4,0,0,1006645,1
44937.677814,4,0,0,1006728,1
44937.701159,4,0,0,1006724,1
44942.988383,4,0,0,1006717,1
44952.750133,4,0,0,1006712,1
44956.534904,4,0,0,1006638,1
44960.279704,4,0,0,1006767,1
44964.851292,4,0,0,1006660,1
44966.571118,4,0,0,1006627,1
44968.754916,4,0,0,1006540,1
44972.844323,4,0,0,1006415,1
44980.762949,4,0,0,1006500,1
44981.839125,4,0,0,1006489,1
44983.735776,4,0,0,1006480,1
44990.228798,4,0,0,1006586,1
44992.221631,4,0,0,1006649,1
44992.454808,4,0,0,1006626,1
44993.267531,4,0,0,1006629,1
44994.297639,4,0,0,1006559,1
44997.564384,4,0,0,1006462,1
45002.383582,4,0,0,1006540,1
45012.527212,4,0,0,1006441,1
45023.656380,4,0,0,1006282,1
45025.410436,4,0,0,1006270,1
45032.101991,4,0,0,1006418,1
45033.688387,4,0,0,1006355,1
45035.886131,4,0,0,1006335,1
45037.541626,4,0,0,1006287,1
45040.093706,4,0,0,1006183,1
45041.249077,4,0,0,1006177,1
45043.085421,4,0,0,1006217,1
45043.706904,4,0,0,1006242,1
45059.468144,4,0,0,1006524,1
45062.819617,4,0,0,1006556,1
45075.081552,4,0,0,1006724,1
45081.635179,4,0,0,1006594,1
45084.560279,4,0,0,1006524,1
45091.275971,4,0,0,1006514,1
45096.003025,4,0,0,1006518,1
45097.733665,4,0,0,1006530,1
45101.258590,4,0,0,1006603,1
45107.213894,4,0,0,1006698,1
45108.955222,4,0,0,1006816,1
45109.015459,4,0,0,1006831,1
45110.508415,4,0,0,1006824,1
45118.124371,4,0,0,1006821,1
45130.835163,4,0,0,1006849,1
45135.527749,4,0,0,1006838,1
45136.208872,4,0,0,1006843,1
45142.982341,4,0,0,1006774,1
45146.559979,4,0,0,1006851,1
45153.261021,4,0,0,1006555,1
45162.611874,4,0,0,1006570,1
45176.702041,4,0,0,1006636,1
45181.782566,4,0,0,1006532,1
45190.988458,4,0,0,1006666,1
45197.475289,4,0,0,1006539,1
45203.682856,4,0,0,1006508,1
45213.039766,4,0,0,1006514,1
45225.295635,4,0,0,1006756,1
45236.402269,4,0,0,1006773,1
45238.810278,4,0,0,1006727,1
45239.229782,4,0,0,1006692,1
45247.687764,4,0,0,1006774,1
45251.388482,4,0,0,1006845,1
45255.121913,4,0,0,1006978,1
45263.458097,4,0,0,1006892,1
45263.613480,4,0,0,1006882,1
45273.667779,4,0,0,1007022,1
45273.836264,4,0,0,1007004,1
45279.484033,4,0,0,1006860,1
45283.716634,4,0,0,1006913,1
45288.623409,4,0,0,1006983,1
45290.862997,4,0,0,1006933,1
45292.403213,4,0,0,1006945,1
45295.807260,4,0,0,1007022,1
45306.179891,4,0,0,1006883,1
45310.161991,4,0,0,1006824,1
45315.363177,4,0,0,1006896,1
45318.146497,4,0,0,1006842,1
45335.261433,4,0,0,1006545,1
45341.747046,4,0,0,1006460,1
45343.842377,4,0,0,1006467,1
45348.908995,4,0,0,1006622,1
45352.648069,4,0,0,1006668,1
45362.947295,4,0,0,1006677,1
45364.484821,4,0,0,1006640,1
45365.031485,4,0,0,1006581,1
45366.046244,4,0,0,1006556,1
45368.385890,4,0,0,1006485,1
45377.585279,4,0,0,1006195,1
45379.095132,4,0,0,1006245,1
45383.800847,4,0,0,1006261,1
45388.470787,4,0,0,1006354,1
45390.977076,4,0,0,1006397,1
45391.223944,4,0,0,1006406,1
45397.752662,4,0,0,1006489,1
45399.428468,4,0,0,1006407,1
45401.857948,4,0,0,1006510,1
45404.121724,4,0,0,1006442,1
45409.329353,4,0,0,1006378,1
45409.760936,4,0,0,1006390,1
45413.576634,4,0,0,1006437,1
45413.650925,4,0,0,1006436,1
45433.138209,4,0,0,1006244,1
45437.499321,4,0,0,1006267,1
45439.816157,4,0,0,1006302,1
45440.574744,4,0,0,1006281,1
45446.280253,4,0,0,1006139,1
45457.572642,4,0,0,1006064,1
45459.402832,4,0,0,1006082,1
45466.355531,4,0,0,1006004,1
45467.975821,4,0,0,1005946,1
45483.041470,4,0,0,1006130,1
45488.833501,4,0,0,1006244,1
45493.522064,4,0,0,1006133,1
45506.283764,4,0,0,1006140,1
45507.781815,4,0,0,1006196,1
45520.075873,4,0,0,1006376,1
45525.493818,4,0,0,1006389,1
45532.547270,4,0,0,1006162,1
45536.599660,4,0,0,1006213,1
45545.180685,4,0,0,1006313,1
45550.908376,4,0,0,1006413,1
45551.666184,4,0,0,1006402,1
45556.197333,4,0,0,1006348,1
45557.763072,4,0,0,1006245,1
45569.595942,4,0,0,1006439,1
45570.652017,4,0,0,1006375,1
45572.260370,4,0,0,1006379,1
45572.493765,4,0,0,1006392,1
45575.330433,4,0,0,1006332,1
45579.228587,4,0,0,1006230,1
45583.302514,4,0,0,1006295,1
45594.573079,4,0,0,1006437,1
45596.613242,4,0,0,1006429,1
45599.449470,4,0,0,1006376,1
45608.557307,4,0,0,1006388,1
45612.668010,4,0,0,1006400,1
45617.741005,4,0,0,1006410,1
45619.300375,4,0,0,1006324,1
45622.495320,4,0,0,1006484,1
45627.132367,4,0,0,1006356,1
45627.816723,4,0,0,1006271,1
45627.976674,4,0,0,1006257,1
45628.552060,4,0,0,1006306,1
45631.654547,4,0,0,1006293,1
45631.770797,4,0,0,1006307,1
45636.474596,4,0,0,1006318,1
45636.965397,4,0,0,1006335,1
45638.346650,4,0,0,1006297,1
45641.004258,4,0,0,1006239,1
45641.592687,4,0,0,1006183,1
45643.100620,4,0,0,1006196,1
45643.202458,4,0,0,1006192,1
45663.291587,4,0,0,1006144,1
45667.811801,4,0,0,1006156,1
45670.084138,4,0,0,1006241,1
45670.212656,4,0,0,1006237,1
45672.574129,4,0,0,1006231,1
45675.454078,4,0,0,1006127,1
45688.234341,4,0,0,1005702,1
45689.794670,4,0,0,1005593,1
45694.354530,4,0,0,1005599,1
45699.584459,4,0,0,1005451,1
45700.567929,4,0,0,1005477,1
45703.936590,4,0,0,1005496,1
45711.317494,4,0,0,1005465,1
45711.802982,4,0,0,1005495,1
45716.255523,4,0,0,1005546,1
45716.381742,4,0,0,1005514,1
45716.415544,4,0,0,1005525,1
45716.708912,4,0,0,1005504,1
45719.847572,4,0,0,1005405,1
45732.274136,4,0,0,1005496,1
45734.760362,4,0,0,1005516,1
45735.133187,4,0,0,1005457,1
45744.577609,4,0,0,1005273,1
45748.078991,4,0,0,1005210,1
45749.914984,4,0,0,1005187,1
45765.678046,4,0,0,1004889,1
45778.989638,4,0,0,1004799,1
45780.429043,4,0,0,1004907,1
45781.503993,4,0,0,1004890,1
45785.753126,4,0,0,1004643,1
45794.588695,4,0,0,1004878,1
45796.551170,4,0,0,1004924,1
45800.771562,4,0,0,1005081,1
45801.617763,4,0,0,1005059,1
45802.652196,4,0,0,1005119,1
45809.500479,4,0,0,1005114,1
45810.277873,4,0,0,1005027,1
45811.755465,4,0,0,1005076,1
45817.345937,4,0,0,1005069,1
45817.418614,4,0,0,1005090,1
45817.575035,4,0,0,1005093,1
45819.195511,4,0,0,1005205,1
45821.157281,4,0,0,1005211,1
45823.307113,4,0,0,1005335,1
45831.175247,4,0,0,1005068,1
45831.350406,4,0,0,1005054,1
45833.471688,4,0,0,1005001,1
45838.332373,4,0,0,1004905,1
45839.070033,4,0,0,1004874,1
45848.391459,4,0,0,1005016,1
45853.349412,4,0,0,1005115,1
45853.934958,4,0,0,1005116,1
45855.050213,4,0,0,1005135,1
45861.591394,4,0,0,1005166,1
45864.060357,4,0,0,1005196,1
45867.227394,4,0,0,1005093,1
45877.668839,4,0,0,1004889,1
45878.375585,4,0,0,1004840,1
45894.315192,4,0,0,1005124,1
45894.523432,4,0,0,1005104,1
45895.024084,4,0,0,1005104,1
45896.231616,4,0,0,1005169,1
45904.084762,4,0,0,1005097,1
45906.993737,4,0,0,1005200,1
45912.056496,4,0,0,1005257,1
45912.972102,4,0,0,1005268,1
45913.843916,4,0,0,1005233,1
45917.360744,4,0,0,1005135,1
45923.805158,4,0,0,1005331,1
45926.772481,4,0,0,1005345,1
45936.510568,4,0,0,1005150,1
45941.673073,4,0,0,1005056,1
45943.042398,4,0,0,1005067,1
45944.322251,4,0,0,1005066,1
45946.561583,4,0,0,1005204,1
45953.316273,4,0,0,1005396,1
45966.602837,4,0,0,1005088,1
45976.066380,4,0,0,1004985,1
45977.516078,4,0,0,1004971,1
45980.056662,4,0,0,1004873,1
45984.576513,4,0,0,1004884,1
45988.359873,4,0,0,1004875,1
45990.716931,4,0,0,1004864,1
45991.228106,4,0,0,1004883,1
45997.182290,4,0,0,1004907,1
45997.623310,4,0,0,1004866,1
46007.233468,4,0,0,1004729,1
46016.750702,4,0,0,1004879,1
46022.642274,4,0,0,1004832,1
46025.827467,4,0,0,1004838,1
46031.568878,4,0,0,1004767,1
46033.970854,4,0,0,1004599,1
46041.604493,4,0,0,1004519,1
46048.983523,4,0,0,1004540,1
46049.791555,4,0,0,1004580,1
46051.619705,4,0,0,1004544,1
46053.634804,4,0,0,1004521,1
46055.799305,4,0,0,1004545,1
46059.796338,4,0,0,1004552,1
46059.999877,4,0,0,1004555,1
46065.156161,4,0,0,1004703,1
46066.232547,4,0,0,1004715,1
46068.807278,4,0,0,1004707,1
46071.672703,4,0,0,1004681,1
46073.722492,4,0,0,1004697,1
46076.032860,4,0,0,1004707,1
46076.983240,4,0,0,1004696,1
46077.320526,4,0,0,1004697,1
46081.150760,4,0,0,1004734,1
46085.481493,4,0,0,1004755,1
46086.233094,4,0,0,1004734,1
46087.488267,4,0,0,1004776,1
46089.101042,4,0,0,1004774,1
46097.592169,4,0,0,1004747,1
46098.388286,4,0,0,1004729,1
46102.227926,4,0,0,1004923,1
46106.241468,4,0,0,1004884,1
46108.252466,4,0,0,1004943,1
46110.316149,4,0,0,1004780,1
46125.597422,4,0,0,1004816,1
46129.449942,4,0,0,1004949,1
46134.505539,4,0,0,1004892,1
46137.731067,4,0,0,1004721,1
46142.703683,4,0,0,1004774,1
46147.146715,4,0,0,1004754,1
46147.896489,4,0,0,1004790,1
46149.844282,4,0,0,1004814,1
46152.793495,4,0,0,1004925,1
46153.447214,4,0,0,1004925,1
46155.603475,4,0,0,1004932,1
46156.841276,4,0,0,1004859,1
46165.830581,4,0,0,1004862,1
46167.827433,4,0,0,1005034,1
46169.056867,4,0,0,1005065,1
46171.564240,4,0,0,1005006,1
46177.056726,4,0,0,1005215,1
46177.381165,4,0,0,1005195,1
46178.334013,4,0,0,1005174,1
46183.999143,4,0,0,1005158,1
46190.668973,4,0,0,1005201,1
46195.265859,4,0,0,1005155,1
46205.368900,4,0,0,1005058,1
46206.252651,4,0,0,1005086,1
46212.064505,4,0,0,1005079,1
46223.976524,4,0,0,1004943,1
46224.757525,4,0,0,1004943,1
46226.093066,4,0,0,1004929,1
46229.874844,4,0,0,1004775,1
46231.890936,4,0,0,1004729,1
46237.499055,4,0,0,1004835,1
46237.782466,4,0,0,1004806,1
46238.620226,4,0,0,1004793,1
46244.641212,4,0,0,1004907,1
46261.502168,4,0,0,1004709,1
46274.182827,4,0,0,1004707,1
46285.240460,4,0,0,1004526,1
46285.893750,4,0,0,1004545,1
46286.647751,4,0,0,1004573,1
46287.006293,4,0,0,1004565,1
46290.744571,4,0,0,1004689,1
46300.979503,4,0,0,1004651,1
46304.606770,4,0,0,1004752,1
46311.881715,4,0,0,1004867,1
46312.879846,4,0,0,1004833,1
46322.385291,4,0,0,1004964,1
46323.377364,4,0,0,1004940,1
46323.646577,4,0,0,1004936,1
46326.262677,4,0,0,1004789,1
46330.134074,4,0,0,1004833,1
46347.015134,4,0,0,1004969,1
46347.475161,4,0,0,1005012,1
46349.005203,4,0,0,1004994,1
46349.536028,4,0,0,1005026,1
46351.902210,4,0,0,1004810,1
46353.532661,4,0,0,1004844,1
46356.974777,4,0,0,1004888,1
46359.021117,4,0,0,1004926,1
46371.612885,4,0,0,1004868,1
46379.071593,4,0,0,1005152,1
46388.504269,4,0,0,1005142,1
46389.167200,4,0,0,1005112,1
46393.258074,4,0,0,1005163,1
46394.413852,4,0,0,1005165,1
46404.101776,4,0,0,1005150,1
46404.174113,4,0,0,1005162,1
46404.708342,4,0,0,1005123,1
46406.963051,4,0,0,1005019,1
46409.421508,4,0,0,1004978,1
46410.973338,4,0,0,1004888,1
46411.456097,4,0,0,1004886,1
46412.060249,4,0,0,1004893,1
46413.889290,4,0,0,1004903,1
46428.285293,4,0,0,1004912,1
46429.396379,4,0,0,1004857,1
46435.971147,4,0,0,1004803,1
46437.398743,4,0,0,1004793,1
46437.580151,4,0,0,1004813,1
46437.657503,4,0,0,1004820,1
46438.449585,4,0,0,1004797,1
46441.413439,4,0,0,1004810,1
46448.154108,4,0,0,1004799,1
46454.391787,4,0,0,1004757,1
46456.468533,4,0,0,1004786,1
46459.586396,4,0,0,1004648,1
46467.628293,4,0,0,1004572,1
46476.340556,4,0,0,1004730,1
46478.183437,4,0,0,1004637,1
46478.203868,4,0,0,1004621,1
46478.433632,4,0,0,1004597,1
46484.832502,4,0,0,1004522,1
46486.354087,4,0,0,1004559,1
46489.493533,4,0,0,1004569,1
46490.512781,4,0,0,1004524,1
46499.489887,4,0,0,1004676,1
46502.835530,4,0,0,1004744,1
46506.415744,4,0,0,1004726,1
46508.039936,4,0,0,1004568,1
46511.469291,4,0,0,1004547,1
46511.478686,4,0,0,1004541,1
46513.031012,4,0,0,1004519,1
46515.081066,4,0,0,1004454,1
46516.677617,4,0,0,1004438,1
46517.107207,4,0,0,1004541,1
46520.633351,4,0,0,1004598,1
46528.058754,4,0,0,1004763,1
46541.718482,4,0,0,1004792,1
46545.005886,4,0,0,1004881,1
46549.311691,4,0,0,1004915,1
46550.954588,4,0,0,1004882,1
46551.726704,4,0,0,1004841,1
46552.402671,4,0,0,1004854,1
46558.703263,4,0,0,1004686,1
46565.041664,4,0,0,1004820,1
46565.986472,4,0,0,1004905,1
46568.537489,4,0,0,1004894,1
46572.847891,4,0,0,1004984,1
46573.487711,4,0,0,1004967,1
46580.843341,4,0,0,1005017,1
46585.468295,4,0,0,1005004,1
46590.033615,4,0,0,1005147,1
46595.807893,4,0,0,1005195,1
46616.634302,4,0,0,1005400,1
46620.584672,4,0,0,1005603,1
46630.135905,4,0,0,1005578,1
46632.729070,4,0,0,1005614,1
46637.808652,4,0,0,1005545,1
46650.206804,4,0,0,1005489,1
46655.422229,4,0,0,1005517,1
46657.148218,4,0,0,1005593,1
46661.772587,4,0,0,1005642,1
46663.841434,4,0,0,1005886,1
46665.701566,4,0,0,1005917,1
46670.204969,4,0,0,1005780,1
46671.040218,4,0,0,1005795,1
46674.228337,4,0,0,1005746,1
46688.147800,4,0,0,1005380,1
46690.463085,4,0,0,1005373,1
46691.464213,4,0,0,1005308,1
46694.488471,4,0,0,1005303,1
46703.275410,4,0,0,1005307,1
46712.115519,4,0,0,1005233,1
46720.524101,4,0,0,1005245,1
46720.579271,4,0,0,1005252,1
46722.064247,4,0,0,1005223,1
46765.053260,4,0,0,1005003,1
46765.662584,4,0,0,1005036,1
46768.882010,4,0,0,1005145,1
46776.342501,4,0,0,1004956,1
46776.965585,4,0,0,1004910,1
46782.156286,4,0,0,1004961,1
46785.356916,4,0,0,1004953,1
46786.389546,4,0,0,1004923,1
46796.470144,4,0,0,1004708,1
46797.427418,4,0,0,1004678,1
46802.298352,4,0,0,1004758,1
46808.752590,4,0,0,1004823,1
46812.706003,4,0,0,1004734,1
46817.443586,4,0,0,1004748,1
46818.049013,4,0,0,1004734,1
46819.809118,4,0,0,1004671,1
46824.035671,4,0,0,1004625,1
46826.441415,4,0,0,1004747,1
46831.653927,4,0,0,1004744,1
46840.784858,4,0,0,1004864,1
46841.793415,4,0,0,1004962,1
46852.958824,4,0,0,1004956,1
46855.268383,4,0,0,1005073,1
46868.972106,4,0,0,1005265,1
46873.564342,4,0,0,1005399,1
46881.026413,4,0,0,1005422,1
46884.483039,4,0,0,1005317,1
46888.103703,4,0,0,1005461,1
46890.000851,4,0,0,1005491,1
46890.663034,4,0,0,1005477,1
46892.977602,4,0,0,1005552,1
46894.134561,4,0,0,1005598,1
46894.294296,4,0,0,1005620,1
46895.830720,4,0,0,1005710,1
46896.782675,4,0,0,1005774,1
46906.742728,4,0,0,1005826,1
46907.147721,4,0,0,1005833,1
46908.119079,4,0,0,1005815,1
46913.938727,4,0,0,1005893,1
46925.965679,4,0,0,1005735,1
46927.350103,4,0,0,1005676,1
46927.453023,4,0,0,1005676,1
46942.899917,4,0,0,1005666,1
46948.379700,4,0,0,1005609,1
46950.157977,4,0,0,1005611,1
46953.214149,4,0,0,1005595,1
46957.585135,4,0,0,1005506,1
46959.823107,4,0,0,1005520,1
46969.743291,4,0,0,1005578,1
46975.934620,4,0,0,1005612,1
46990.688320,4,0,0,1005571,1
46992.755304,4,0,0,1005671,1
47005.983418,4,0,0,1005448,1
47009.100926,4,0,0,1005589,1
47014.015358,4,0,0,1005574,1
47020.393124,4,0,0,1005604,1
47028.314793,4,0,0,1005755,1
47030.726832,4,0,0,1005733,1
47033.566674,4,0,0,1005658,1
47041.691642,4,0,0,1005516,1
47047.734897,4,0,0,1005540,1
47061.251137,4,0,0,1005304,1
47079.855452,4,0,0,1005084,1
47080.797717,4,0,0,1005031,1
47082.034142,4,0,0,1005003,1
47088.050888,4,0,0,1005018,1
47094.627593,4,0,0,1005108,1
47099.045610,4,0,0,1005109,1
47109.074102,4,0,0,1005140,1
47110.461925,4,0,0,1005095,1
47112.444378,4,0,0,1005113,1
47115.706718,4,0,0,1005103,1
47117.515355,4,0,0,1005019,1
47121.284018,4,0,0,1005086,1
47126.767675,4,0,0,1004827,1
47127.957569,4,0,0,1004869,1
47131.132655,4,0,0,1004915,1
47154.837561,4,0,0,1005166,1
47156.710369,4,0,0,1005146,1
47156.882460,4,0,0,1005150,1
47165.009383,4,0,0,1005051,1
47168.354344,4,0,0,1005048,1
47168.613554,4,0,0,1005065,1
47179.177601,4,0,0,1004863,1
47181.655448,4,0,0,1004809,1
47194.317336,4,0,0,1004731,1
47196.775667,4,0,0,1004669,1
47197.157801,4,0,0,1004676,1
47198.503067,4,0,0,1004593,1
47200.564126,4,0,0,1004632,1
47207.204558,4,0,0,1004670,1
47208.180912,4,0,0,1004657,1
47210.876013,4,0,0,1004626,1
47220.749115,4,0,0,1004938,1
47224.396528,4,0,0,1004968,1
47224.916935,4,0,0,1004998,1
47225.035614,4,0,0,1004980,1
47230.884082,4,0,0,1005114,1
47249.379442,4,0,0,1005180,1
47256.730539,4,0,0,1005264,1
47263.647224,4,0,0,1005433,1
47269.026196,4,0,0,1005367,1
47276.613015,4,0,0,1005301,1
47276.808233,4,0,0,1005332,1
47278.277852,4,0,0,1005228,1
47283.960066,4,0,0,1005278,1
47293.602848,4,0,0,1005218,1
47298.969455,4,0,0,1005173,1
47299.896393,4,0,0,1005215,1
47313.059096,4,0,0,1005278,1
47324.229746,4,0,0,1005419,1
47324.663137,4,0,0,1005432,1
47325.688120,4,0,0,1005429,1
47327.226563,4,0,0,1005470,1
47333.636466,4,0,0,1005487,1
47343.013137,4,0,0,1005615,1
47347.140735,4,0,0,1005520,1
47348.205244,4,0,0,1005471,1
47350.768744,4,0,0,1005498,1
47351.477793,4,0,0,1005472,1
47363.397677,4,0,0,1005625,1
47370.310397,4,0,0,1005702,1
47373.722296,4,0,0,1005668,1
47376.611128,4,0,0,1005591,1
47377.103304,4,0,0,1005622,1
47378.937469,4,0,0,1005631,1
47379.551951,4,0,0,1005685,1
47386.840553,4,0,0,1005658,1
47390.603380,4,0,0,1005632,1
47391.835832,4,0,0,1005707,1
47393.049303,4,0,0,1005616,1
47394.491158,4,0,0,1005661,1
47396.257039,4,0,0,1005654,1
47398.601827,4,0,0,1005780,1
47400.290025,4,0,0,1005918,1
47405.729892,4,0,0,1006163,1
47405.900554,4,0,0,1006165,1
47407.801374,4,0,0,1006285,1
47414.338679,4,0,0,1006274,1
47428.015889,4,0,0,1006181,1
47435.774761,4,0,0,1006071,1
47437.091768,4,0,0,1006057,1
47438.359224,4,0,0,1006043,1
47439.368459,4,0,0,1006056,1
47449.603854,4,0,0,1006078,1
47450.902194,4,0,0,1006138,1
47457.687711,4,0,0,1006166,1
47459.133779,4,0,0,1006194,1
47459.294585,4,0,0,1006196,1
47465.614628,4,0,0,1006144,1
47471.806468,4,0,0,1006495,1
47472.251809,4,0,0,1006531,1
47474.142615,4,0,0,1006571,1
47488.308437,4,0,0,1006738,1
47489.158657,4,0,0,1006736,1
47489.592016,4,0,0,1006759,1
47493.907833,4,0,0,1006705,1
47506.687172,4,0,0,1006706,1
47507.373649,4,0,0,1006745,1
47510.812937,4,0,0,1006760,1
47516.319548,4,0,0,1007082,1
47517.220752,4,0,0,1007078,1
47517.274880,4,0,0,1007087,1
47527.726021,4,0,0,1007022,1
47527.897465,4,0,0,1007048,1
47529.320357,4,0,0,1007048,1
47534.361561,4,0,0,1007016,1
47535.970358,4,0,0,1007122,1
47536.016987,4,0,0,1007117,1
47540.112156,4,0,0,1007346,1
47541.870570,4,0,0,1007321,1
47542.655933,4,0,0,1007298,1
47559.626256,4,0,0,1007272,1
47560.488044,4,0,0,1007284,1
47566.697963,4,0,0,1007216,1
47577.280311,4,0,0,1007189,1
47586.634661,4,0,0,1007189,1
47587.608136,4,0,0,1007100,1
47588.899914,4,0,0,1007054,1
47588.988503,4,0,0,1007044,1
47601.796716,4,0,0,1007087,1
47612.224001,4,0,0,1006991,1
47616.549996,4,0,0,1007129,1
47617.103633,4,0,0,1007122,1
47618.014734,4,0,0,1007070,1
47622.126918,4,0,0,1007102,1
47623.512610,4,0,0,1007089,1
47625.218690,4,0,0,1007153,1
47626.115035,4,0,0,1007158,1
47627.119873,4,0,0,1007285,1
47630.095622,4,0,0,1007295,1
47633.504205,4,0,0,1007357,1
47636.929455,4,0,0,1007521,1
47664.923591,4,0,0,1007266,1
47665.587044,4,0,0,1007231,1
47672.332979,4,0,0,1007332,1
47679.879160,4,0,0,1007365,1
47684.081707,4,0,0,1007405,1
47687.051377,4,0,0,1007443,1
47697.753422,4,0,0,1007622,1
47706.172480,4,0,0,1007596,1
47706.419126,4,0,0,1007635,1
47722.175910,4,0,0,1007505,1
47722.211124,4,0,0,1007504,1
47726.280247,4,0,0,1007592,1
47730.341522,4,0,0,1007671,1
47738.936236,4,0,0,1007763,1
47741.257745,4,0,0,1007846,1
47741.714021,4,0,0,1007861,1
47745.879915,4,0,0,1007772,1
47746.000179,4,0,0,1007759,1
47748.146862,4,0,0,1007686,1
47768.323488,4,0,0,1007598,1
47778.031053,4,0,0,1007578,1
47778.821955,4,0,0,1007625,1
47786.487093,4,0,0,1007563,1
47794.450535,4,0,0,1007785,1
47807.040918,4,0,0,1007810,1
47808.255507,4,0,0,1007751,1
47811.558890,4,0,0,1007752,1
47819.957512,4,0,0,1007698,1
47825.218455,4,0,0,1007756,1
47829.526405,4,0,0,1007829,1
47834.571615,4,0,0,1007765,1
47835.874099,4,0,0,1007807,1
47835.997767,4,0,0,1007805,1
47842.368461,4,0,0,1008087,1
47844.259910,4,0,0,1008029,1
47846.519983,4,0,0,1008110,1
47851.053043,4,0,0,1008189,1
47856.170062,4,0,0,1007995,1
47857.254041,4,0,0,1007879,1
47865.613693,4,0,0,1007892,1
47867.900297,4,0,0,1007973,1
47872.675412,4,0,0,1007927,1
47888.896672,4,0,0,1007919,1
47892.873240,4,0,0,1007859,1
47894.998367,4,0,0,1007802,1
47899.610481,4,0,0,1007901,1
47902.940898,4,0,0,1007820,1
47905.819255,4,0,0,1007808,1
47912.118239,4,0,0,1007750,1
47924.468598,4,0,0,1008111,1
47927.587674,4,0,0,1008180,1
47928.029191,4,0,0,1008101,1
47932.059518,4,0,0,1007910,1
47933.402567,4,0,0,1007920,1
47933.595595,4,0,0,1007964,1
47941.013345,4,0,0,1007850,1
47942.535823,4,0,0,1007821,1
47949.710123,4,0,0,1007824,1
47952.911953,4,0,0,1007906,1
47954.740932,4,0,0,1007836,1
47956.542584,4,0,0,1007806,1
47956.747806,4,0,0,1007788,1
47960.401772,4,0,0,1007821,1
47968.693765,4,0,0,1008072,1
47969.112611,4,0,0,1008049,1
47969.661908,4,0,0,1008032,1
47973.263354,4,0,0,1008088,1
47978.422059,4,0,0,1007932,1
47984.094059,4,0,0,1008005,1
47985.890114,4,0,0,1008093,1
47986.074191,4,0,0,1008074,1
47988.633387,4,0,0,1008142,1
47989.858216,4,0,0,1008083,1
47989.863548,4,0,0,1008083,1
47995.396207,4,0,0,1008268,1
48009.917168,4,0,0,1008250,1
48012.288939,4,0,0,1008296,1
48013.995883,4,0,0,1008386,1
48017.852770,4,0,0,1008509,1
48026.984398,4,0,0,1008594,1
48034.558722,4,0,0,1008612,1
48040.076804,4,0,0,1008383,1
48042.781435,4,0,0,1008387,1
48048.386387,4,0,0,1008255,1
48049.549737,4,0,0,1008168,1
48051.146238,4,0,0,1008153,1
48058.336649,4,0,0,1007974,1
48071.046556,4,0,0,1008050,1
48072.054095,4,0,0,1008012,1
48073.732194,4,0,0,1008041,1
48073.761972,4,0,0,1008052,1
48076.462019,4,0,0,1008152,1
48077.590558,4,0,0,1008200,1
48082.493006,4,0,0,1008183,1
48088.403279,4,0,0,1007917,1
48089.007688,4,0,0,1007912,1
48089.417405,4,0,0,1007948,1
48100.736595,4,0,0,1007928,1
48103.093370,4,0,0,1007914,1
48106.737118,4,0,0,1007919,1
48122.527311,4,0,0,1008030,1
48129.330123,4,0,0,1007843,1
48131.212694,4,0,0,1007889,1
48131.641746,4,0,0,1007851,1
48135.312416,4,0,0,1007884,1
48137.270601,4,0,0,1007869,1
48137.375397,4,0,0,1007875,1
48144.424457,4,0,0,1007785,1
48146.747467,4,0,0,1007729,1
48150.796352,4,0,0,1007561,1
48157.533924,4,0,0,1007521,1
48171.050019,4,0,0,1007863,1
48175.579457,4,0,0,1007731,1
48177.390670,4,0,0,1007763,1
48177.948113,4,0,0,1007732,1
48178.315186,4,0,0,1007751,1
48180.156479,4,0,0,1007809,1
48185.325001,4,0,0,1007991,1
48191.003365,4,0,0,1008123,1
48192.116330,4,0,0,1008165,1
48192.529443,4,0,0,1008197,1
48194.272128,4,0,0,1008269,1
48198.063301,4,0,0,1008104,1
48204.779916,4,0,0,1007907,1
48208.385440,4,0,0,1007924,1
48210.002281,4,0,0,1008024,1
48214.680200,4,0,0,1008002,1
48216.150827,4,0,0,1008042,1
48221.205897,4,0,0,1008126,1
48230.022678,4,0,0,1008074,1
48234.892221,4,0,0,1008062,1
48238.878081,4,0,0,1007997,1
48240.632008,4,0,0,1007997,1
48250.640180,4,0,0,1007882,1
48272.120532,4,0,0,1007803,1
48279.303609,4,0,0,1007858,1
48283.378464,4,0,0,1007773,1
48284.106514,4,0,0,1007842,1
48285.914467,4,0,0,1007895,1
48288.099226,4,0,0,1007992,1
48289.749106,4,0,0,1008036,1
48292.571722,4,0,0,1007938,1
48297.080370,4,0,0,1008203,1
48298.224790,4,0,0,1008229,1
48299.598379,4,0,0,1008320,1
48300.166975,4,0,0,1008346,1
48301.923983,4,0,0,1008398,1
48305.212894,4,0,0,1008405,1
48308.429680,4,0,0,1008229,1
48334.341988,4,0,0,1008335,1
48347.102504,4,0,0,1007123,1
48347.994679,4,0,0,1007679,1
48353.314031,4,0,0,1007566,1
48356.056314,4,0,0,1007483,1
48373.150968,4,0,0,1007418,1
48374.304405,4,0,0,1007392,1
48378.027874,4,0,0,1007622,1
48380.915485,4,0,0,1007673,1
48397.310271,4,0,0,1007761,1
48405.957119,4,0,0,1007709,1
48407.109029,4,0,0,1007795,1
48409.876629,4,0,0,1007813,1
48410.758521,4,0,0,1007820,1
48414.358255,4,0,0,1007729,1
48421.898134,4,0,0,1007638,1
48422.072789,4,0,0,1007633,1
48423.088061,4,0,0,1007603,1
48441.215097,4,0,0,1007384,1
48456.697564,4,0,0,1007174,1
48460.584967,4,0,0,1007125,1
48465.550023,4,0,0,1007235,1
48467.068065,4,0,0,1007281,1
48481.591874,4,0,0,1006856,1
48486.888020,4,0,0,1006872,1
48492.141414,4,0,0,1006777,1
48492.194785,4,0,0,1006759,1
48501.358607,4,0,0,1006768,1
48508.559909,4,0,0,1006759,1
48514.080529,4,0,0,1006684,1
48520.533936,4,0,0,1006940,1
48521.347880,4,0,0,1006813,1
48527.411790,4,0,0,1006849,1
48527.898545,4,0,0,1006847,1
48533.765566,4,0,0,1006980,1
48533.778162,4,0,0,1006981,1
48540.933958,4,0,0,1007029,1
48544.167162,4,0,0,1007069,1
48545.260072,4,0,0,1007068,1
48551.505366,4,0,0,1007063,1
48553.318381,4,0,0,1007057,1
48563.607779,4,0,0,1006922,1
48564.557736,4,0,0,1006932,1
48577.891747,4,0,0,1006595,1
48594.774137,4,0,0,1006641,1
48596.509770,4,0,0,1006612,1
48605.993445,4,0,0,1006773,1
48614.818733,4,0,0,1006956,1
48617.460696,4,0,0,1006971,1
48619.621546,4,0,0,1006940,1
48621.208005,4,0,0,1006920,1
48645.090113,4,0,0,1007017,1
48646.502027,4,0,0,1006941,1
48658.615549,4,0,0,1007167,1
48661.288537,4,0,0,1007394,1
48674.385541,4,0,0,1007162,1
48683.110894,4,0,0,1007070,1
48683.920334,4,0,0,1007104,1
48688.002365,4,0,0,1007119,1
48693.352784,4,0,0,1007274,1
48695.841126,4,0,0,1007249,1
48695.864495,4,0,0,1007250,1
48697.745586,4,0,0,1007118,1
48706.473909,4,0,0,1007057,1
48706.784055,4,0,0,1007101,1
48707.316551,4,0,0,1007123,1
48713.100104,4,0,0,1006930,1
48716.550654,4,0,0,1006823,1
48719.846404,4,0,0,1006707,1
48722.082401,4,0,0,1006657,1
48726.504444,4,0,0,1006751,1
48735.619713,4,0,0,1006675,1
48737.169578,4,0,0,1006729,1
48746.073723,4,0,0,1006878,1
48748.649736,4,0,0,1006725,1
48751.972396,4,0,0,1006725,1
48758.224347,4,0,0,1006773,1
48759.655379,4,0,0,1006789,1
48771.827182,4,0,0,1006791,1
48777.615260,4,0,0,1006823,1
48782.226877,4,0,0,1007016,1
48783.750936,4,0,0,1007025,1
48789.440232,4,0,0,1006660,1
48790.861557,4,0,0,1006655,1
48798.965008,4,0,0,1006662,1
48799.020164,4,0,0,1006645,1
48799.890921,4,0,0,1006635,1
48803.791681,4,0,0,1006550,1
48809.746466,4,0,0,1006189,1
48812.988359,4,0,0,1006176,1
48823.036751,4,0,0,1006005,1
48840.838890,4,0,0,1006117,1
48843.822270,4,0,0,1006211,1
48850.805668,4,0,0,1006195,1
48854.069192,4,0,0,1006232,1
48859.298128,4,0,0,1006133,1
48860.515742,4,0,0,1006166,1
48861.070313,4,0,0,1006221,1
48879.538601,4,0,0,1006293,1
48887.604232,4,0,0,1006390,1
48889.210357,4,0,0,1006381,1
48893.423806,4,0,0,1006565,1
48895.709367,4,0,0,1006468,1
48896.636663,4,0,0,1006473,1
48899.230869,4,0,0,1006523,1
48900.916610,4,0,0,1006581,1
48900.996741,4,0,0,1006575,1
48903.338900,4,0,0,1006599,1
48915.466748,4,0,0,1006742,1
48923.886364,4,0,0,1006621,1
48927.966053,4,0,0,1006682,1
48929.800017,4,0,0,1006667,1
48931.057195,4,0,0,1006666,1
48945.989967,4,0,0,1006900,1
48949.964601,4,0,0,1006770,1
48951.137593,4,0,0,1006819,1
48952.509414,4,0,0,1006851,1
48967.847628,4,0,0,1006908,1
48969.151984,4,0,0,1006914,1
48969.691400,4,0,0,1006912,1
48970.663147,4,0,0,1006892,1
48977.610376,4,0,0,1006898,1
48983.507091,4,0,0,1006753,1
48986.261088,4,0,0,1006732,1
48993.808376,4,0,0,1006560,1
48997.292043,4,0,0,1006390,1
48999.843368,4,0,0,1006460,1
49000.440537,4,0,0,1006450,1
49010.733783,4,0,0,1006376,1
49012.274865,4,0,0,1006294,1
49016.853111,4,0,0,1006470,1
49036.795632,4,0,0,1006387,1
49037.799445,4,0,0,1006445,1
49053.849695,4,0,0,1006530,1
49058.905074,4,0,0,1006551,1
49059.563783,4,0,0,1006546,1
49066.629054,4,0,0,1006631,1
49081.121507,4,0,0,1006445,1
49085.076096,4,0,0,1006511,1
49090.652125,4,0,0,1006484,1
49090.779757,4,0,0,1006488,1
49112.369890,4,0,0,1006214,1
49114.202523,4,0,0,1006214,1
49114.318171,4,0,0,1006223,1
49122.220479,4,0,0,1006353,1
49139.530371,4,0,0,1006065,1
49145.925253,4,0,0,1005905,1
49145.938348,4,0,0,1005899,1
49146.251231,4,0,0,1005932,1
49150.446723,4,0,0,1005936,1
49152.401954,4,0,0,1005988,1
49162.610411,4,0,0,1006287,1
49172.499527,4,0,0,1006316,1
49193.452850,4,0,0,1006396,1
49199.466996,4,0,0,1006510,1
49209.479308,4,0,0,1006650,1
49211.320316,4,0,0,1006662,1
49211.883673,4,0,0,1006764,1
49221.468439,4,0,0,1006588,1
49223.197117,4,0,0,1006679,1
49225.795413,4,0,0,1006823,1
49230.759653,4,0,0,1007021,1
49235.200849,4,0,0,1007061,1
49237.812258,4,0,0,1006907,1
49240.144925,4,0,0,1006933,1
49240.770554,4,0,0,1006814,1
49244.419000,4,0,0,1006978,1
49245.686074,4,0,0,1007058,1
49252.405383,4,0,0,1007168,1
49257.775865,4,0,0,1007240,1
49258.132668,4,0,0,1007263,1
49279.806223,4,0,0,1007105,1
49287.053691,4,0,0,1007311,1
49288.289538,4,0,0,1007321,1
49288.438795,4,0,0,1007309,1
49291.549620,4,0,0,1007245,1
49293.628972,4,0,0,1007310,1
49297.408926,4,0,0,1007198,1
49302.560914,4,0,0,1007202,1
49310.188039,4,0,0,1007307,1
49310.253223,4,0,0,1007309,1
49316.241594,4,0,0,1007147,1
49317.914608,4,0,0,1007164,1
49338.458450,4,0,0,1007040,1
49347.408396,4,0,0,1007048,1
49351.337043,4,0,0,1007065,1
49355.690287,4,0,0,1007049,1
49356.709798,4,0,0,1007060,1
49357.935909,4,0,0,1006967,1
49358.735371,4,0,0,1006892,1
49361.003555,4,0,0,1006875,1
49361.571100,4,0,0,1006858,1
49364.993346,4,0,0,1006801,1
49369.856672,4,0,0,1006896,1
49370.479748,4,0,0,1006870,1
49372.496401,4,0,0,1006908,1
49372.845077,4,0,0,1006891,1
49376.411169,4,0,0,1006948,1
49381.433278,4,0,0,1006994,1
49386.001710,4,0,0,1006826,1
49394.038360,4,0,0,1006444,1
49395.322364,4,0,0,1006338,1
49399.924599,4,0,0,1006453,1
49401.648859,4,0,0,1006473,1
49402.093196,4,0,0,1006474,1
49403.834166,4,0,0,1006538,1
49404.188031,4,0,0,1006558,1
49419.406842,4,0,0,1006607,1
49425.615535,4,0,0,1006637,1
49426.126923,4,0,0,1006649,1
49433.502647,4,0,0,1006613,1
49435.577666,4,0,0,1006651,1
49447.164482,4,0,0,1007012,1
49450.434874,4,0,0,1006969,1
49460.287179,4,0,0,1006888,1
49461.478072,4,0,0,1006823,1
49463.665346,4,0,0,1006744,1
49465.849936,4,0,0,1006630,1
49466.338355,4,0,0,1006637,1
49468.259881,4,0,0,1006649,1
49473.412513,4,0,0,1006613,1
49476.416159,4,0,0,1006564,1
49486.520507,4,0,0,1006549,1
49488.022665,4,0,0,1006563,1
49490.117381,4,0,0,1006589,1
49491.963338,4,0,0,1006680,1
49495.798702,4,0,0,1006510,1
49496.795452,4,0,0,1006578,1
49497.704828,4,0,0,1006603,1
49511.111835,4,0,0,1006612,1
49513.371071,4,0,0,1006706,1
49517.599198,4,0,0,1006761,1
49517.870373,4,0,0,1006801,1
49518.596078,4,0,0,1006779,1
49519.080400,4,0,0,1006787,1
49527.072217,4,0,0,1006754,1
49527.592582,4,0,0,1006715,1
49531.064409,4,0,0,1006626,1
49531.872720,4,0,0,1006665,1
49533.435121,4,0,0,1006523,1
49543.674767,4,0,0,1006379,1
49548.447927,4,0,0,1006359,1
49564.293201,4,0,0,1006518,1
49568.669659,4,0,0,1006436,1
49568.715381,4,0,0,1006451,1
49571.283387,4,0,0,1006660,1
49571.391880,4,0,0,1006660,1
49573.193246,4,0,0,1006680,1
49576.333975,4,0,0,1006560,1
49580.429228,4,0,0,1006564,1
49581.732554,4,0,0,1006606,1
49585.638264,4,0,0,1006695,1
49588.039711,4,0,0,1006551,1
49591.416298,4,0,0,1006516,1
49592.458888,4,0,0,1006594,1
49593.273847,4,0,0,1006543,1
49599.987489,4,0,0,1006491,1
49601.901581,4,0,0,1006497,1
49606.841111,4,0,0,1006506,1
49610.825036,4,0,0,1006479,1
49621.809023,4,0,0,1006785,1
49631.971191,4,0,0,1006691,1
49634.769356,4,0,0,1006577,1
49635.864358,4,0,0,1006533,1
49640.645291,4,0,0,1006404,1
49645.486957,4,0,0,1006347,1
49651.122634,4,0,0,1006605,1
49662.500262,4,0,0,1006618,1
49669.794202,4,0,0,1006695,1
49674.486276,4,0,0,1006772,1
49678.877698,4,0,0,1006948,1
49680.021174,4,0,0,1006958,1
49685.058007,4,0,0,1006721,1
49693.110879,4,0,0,1006620,1
49705.324685,4,0,0,1006693,1
49717.201589,4,0,0,1006806,1
49721.137828,4,0,0,1006879,1
49722.576038,4,0,0,1006872,1
49724.517490,4,0,0,1006871,1
49753.686656,4,0,0,1006775,1
49757.251101,4,0,0,1006770,1
49765.340355,4,0,0,1006923,1
49769.684700,4,0,0,1006910,1
49773.064662,4,0,0,1006772,1
49775.113077,4,0,0,1006802,1
49778.801773,4,0,0,1006539,1
49778.834074,4,0,0,1006538,1
49788.838708,4,0,0,1006489,1
49792.779171,4,0,0,1006626,1
49792.896669,4,0,0,1006659,1
49801.045179,4,0,0,1006612,1
49801.740361,4,0,0,1006612,1
49801.889104,4,0,0,1006596,1
49804.855192,4,0,0,1006714,1
49820.320544,4,0,0,1006634,1
49820.790372,4,0,0,1006605,1
49821.114691,4,0,0,1006607,1
49831.246985,4,0,0,1006679,1
49839.480296,4,0,0,1006894,1
49847.676221,4,0,0,1007131,1
49850.691300,4,0,0,1007130,1
49853.357244,4,0,0,1007165,1
49855.807509,4,0,0,1007201,1
49859.979437,4,0,0,1007198,1
49866.219862,4,0,0,1007132,1
49873.551568,4,0,0,1007098,1
49878.635715,4,0,0,1007194,1
49882.586868,4,0,0,1007273,1
49885.128377,4,0,0,1007286,1
49886.971246,4,0,0,1007316,1
49888.583155,4,0,0,1007287,1
49890.262025,4,0,0,1007439,1
49895.749819,4,0,0,1007415,1
49902.620305,4,0,0,1007479,1
49906.971815,4,0,0,1007384,1
49908.177043,4,0,0,1007520,1
49909.210297,4,0,0,1007386,1
49916.146524,4,0,0,1007414,1
49934.543588,4,0,0,1007688,1
49934.620249,4,0,0,1007679,1
49935.988352,4,0,0,1007604,1
49943.501186,4,0,0,1007538,1
49949.571733,4,0,0,1007463,1
49950.921301,4,0,0,1007452,1
49954.790420,4,0,0,1007374,1
49959.001071,4,0,0,1007427,1
49965.109537,4,0,0,1007364,1
49968.087537,4,0,0,1007402,1
49970.568067,4,0,0,1007495,1
49972.327982,4,0,0,1007402,1
49973.629165,4,0,0,1007314,1
49974.093138,4,0,0,1007272,1
49979.055395,4,0,0,1007342,1
49984.348584,4,0,0,1007312,1
49989.906051,4,0,0,1007547,1
49989.921112,4,0,0,1007548,1
49992.677756,4,0,0,1007615,1
49993.302689,4,0,0,1007594,1
49996.877337,4,0,0,1007680,1
50015.514978,4,0,0,1007687,1
50018.821314,4,0,0,1007602,1
50021.065256,4,0,0,1007577,1
50029.101146,4,0,0,1007592,1
50045.584184,4,0,0,1007491,1
50047.201960,4,0,0,1007423,1
50054.967318,4,0,0,1007555,1
50081.531979,4,0,0,1007572,1
50082.098818,4,0,0,1007513,1
50085.718490,4,0,0,1007576,1
50093.746340,4,0,0,1007595,1
50096.002866,4,0,0,1007584,1
50098.823944,4,0,0,1007542,1
50105.467719,4,0,0,1007826,1
50105.962568,4,0,0,1007815,1
50108.099752,4,0,0,1007851,1
50112.064473,4,0,0,1007803,1
50113.367394,4,0,0,1007807,1
50122.125752,4,0,0,1007882,1
50129.065345,4,0,0,1007842,1
50145.164533,4,0,0,1007858,1
50148.702755,4,0,0,1007827,1
50149.241157,4,0,0,1007854,1
50162.427074,4,0,0,1007618,1
50171.017643,4,0,0,1007388,1
50174.775583,4,0,0,1007334,1
50183.426110,4,0,0,1007377,1
50193.628803,4,0,0,1006988,1
50200.781937,4,0,0,1006927,1
50204.830074,4,0,0,1006908,1
50209.396351,4,0,0,1006859,1
50218.289096,4,0,0,1007030,1
50222.942112,4,0,0,1006974,1
50224.047614,4,0,0,1006924,1
50229.668874,4,0,0,1006833,1
50233.298406,4,0,0,1006776,1
50234.758709,4,0,0,1006657,1
50234.762470,4,0,0,1006653,1
50236.046045,4,0,0,1006649,1
50241.397397,4,0,0,1006458,1
50251.465809,4,0,0,1006789,1
50259.955558,4,0,0,1006844,1
50260.502435,4,0,0,1006898,1
50260.855109,4,0,0,1006954,1
50267.708544,4,0,0,1007018,1
50269.310990,4,0,0,1007128,1
50270.827128,4,0,0,1007130,1
50270.836699,4,0,0,1007128,1
50271.332570,4,0,0,1007198,1
50272.029093,4,0,0,1007202,1
50272.858863,4,0,0,1007147,1
50275.675967,4,0,0,1007167,1
50283.719460,4,0,0,1007454,1
50291.715923,4,0,0,1007340,1
50303.225352,4,0,0,1007395,1
50306.027644,4,0,0,1007424,1
50311.923476,4,0,0,1007648,1
50315.126475,4,0,0,1007860,1
50315.370865,4,0,0,1007879,1
50315.771671,4,0,0,1007902,1
50317.121000,4,0,0,1007954,1
50336.224682,4,0,0,1007749,1
50341.852591,4,0,0,1007629,1
50343.343880,4,0,0,1007679,1
50349.199721,4,0,0,1007586,1
50354.375394,4,0,0,1007114,1
50354.586933,4,0,0,1007081,1
50356.731309,4,0,0,1007066,1
50363.834472,4,0,0,1007009,1
50364.225368,4,0,0,1006977,1
50374.538132,4,0,0,1006716,1
50387.309058,4,0,0,1006539,1
50396.476641,4,0,0,1006735,1
50397.073462,4,0,0,1006755,1
50401.054285,4,0,0,1006852,1
50406.931274,4,0,0,1006599,1
50417.395070,4,0,0,1006589,1
50417.876311,4,0,0,1006559,1
50425.962033,4,0,0,1006586,1
50427.519131,4,0,0,1006606,1
50431.807712,4,0,0,1006565,1
50437.889002,4,0,0,1006553,1
50445.062201,4,0,0,1006386,1
50446.730814,4,0,0,1006449,1
50451.199656,4,0,0,1006244,1
50452.819777,4,0,0,1006293,1
50483.349775,4,0,0,1006531,1
50491.402788,4,0,0,1006478,1
50493.957209,4,0,0,1006475,1
50504.058021,4,0,0,1006685,1
50510.361120,4,0,0,1006515,1
50522.987573,4,0,0,1006516,1
50523.887513,4,0,0,1006511,1
50525.557279,4,0,0,1006451,1
50526.027753,4,0,0,1006489,1
50527.857048,4,0,0,1006548,1
50530.151232,4,0,0,1006429,1
50534.938930,4,0,0,1006273,1
50537.987376,4,0,0,1006365,1
50544.032523,4,0,0,1006137,1
