34199.000000,1,0,100,999000,1
34199.000000,1,0,100,999100,1
34199.000000,1,0,100,999200,1
34199.000000,1,0,100,999300,1
34199.000000,1,0,100,999400,1
34199.000000,1,0,100,999500,1
34199.000000,1,0,100,999600,1
34199.000000,1,0,100,999700,1
34199.000000,1,0,100,999800,1
34199.000000,1,0,100,999900,1
34199.000000,1,0,100,1000100,-1
34199.000000,1,0,100,1000200,-1
34199.000000,1,0,100,1000300,-1
34199.000000,1,0,100,1000400,-1
34199.000000,1,0,100,1000500,-1
34199.000000,1,0,100,1000600,-1
34199.000000,1,0,100,1000700,-1
34199.000000,1,0,100,1000800,-1
34199.000000,1,0,100,1000900,-1
34199.000000,1,0,100,1001000,-1
34200.000000,4,0,0,1000000,1
34203.331198,4,0,0,1000057,1
34206.604204,4,0,0,1000215,1
34207.290964,4,0,0,1000227,1
34208.023645,4,0,0,1000257,1
34209.202466,4,0,0,1000356,1
34211.793983,4,0,0,1000390,1
34213.157017,4,0,0,1000480,1
34213.576720,4,0,0,1000450,1
34215.602874,4,0,0,1000440,1
34216.475001,4,0,0,1000501,1
34226.552806,4,0,0,1000605,1
34240.965467,4,0,0,1000606,1
34241.154369,4,0,0,1000626,1
34246.895157,4,0,0,1000670,1
34250.960112,4,0,0,1000721,1
34261.872146,4,0,0,1000658,1
34267.126845,4,0,0,1000680,1
34270.920799,4,0,0,1000711,1
34276.714624,4,0,0,1000649,1
34279.049834,4,0,0,1000488,1
34281.341056,4,0,0,997526,1
34284.717025,4,0,0,997388,1
34293.044882,4,0,0,997286,1
34296.040693,4,0,0,997231,1
34309.530758,4,0,0,996962,1
34317.314098,4,0,0,996815,1
34336.892503,4,0,0,997013,1
34337.781064,4,0,0,997005,1
34341.300251,4,0,0,996995,1
34355.209450,4,0,0,997051,1
34360.221327,4,0,0,996990,1
34369.647836,4,0,0,996950,1
34386.545918,4,0,0,997157,1
34387.526927,4,0,0,997120,1
34388.858371,4,0,0,997120,1
34398.737338,4,0,0,996991,1
34410.053580,4,0,0,997202,1
34416.841022,4,0,0,997142,1
34418.877436,4,0,0,997149,1
34421.854197,4,0,0,997159,1
34426.361681,4,0,0,997308,1
34429.639509,4,0,0,997426,1
34432.746691,4,0,0,997436,1
34435.480435,4,0,0,997352,1
34445.247727,4,0,0,997398,1
34446.239412,4,0,0,997425,1
34451.801937,4,0,0,997440,1
34457.613491,4,0,0,997511,1
34470.007737,4,0,0,997824,1
34470.200152,4,0,0,997806,1
34475.179086,4,0,0,997862,1
34480.036810,4,0,0,997819,1
34482.997231,4,0,0,997910,1
34483.257831,4,0,0,997901,1
34483.445850,4,0,0,997939,1
34484.333808,4,0,0,997977,1
34491.898360,4,0,0,998111,1
34492.746622,4,0,0,998088,1
34493.460550,4,0,0,998137,1
34495.541191,4,0,0,998145,1
34498.708491,4,0,0,998220,1
34504.427549,4,0,0,998192,1
34512.148381,4,0,0,998203,1
34513.631624,4,0,0,998275,1
34525.113866,4,0,0,998324,1
34525.224439,4,0,0,998336,1
34527.471995,4,0,0,998382,1
34528.536431,4,0,0,998401,1
34530.542955,4,0,0,998500,1
34533.349718,4,0,0,998416,1
34536.645209,4,0,0,998414,1
34539.202637,4,0,0,998411,1
34540.355210,4,0,0,998419,1
34541.522307,4,0,0,998392,1
34542.785974,4,0,0,998352,1
34549.028427,4,0,0,998303,1
34551.598705,4,0,0,998290,1
34555.789930,4,0,0,998394,1
34559.049336,4,0,0,998532,1
34561.736657,4,0,0,998510,1
34568.080396,4,0,0,998377,1
34571.963756,4,0,0,998191,1
34573.686660,4,0,0,998144,1
34590.576908,4,0,0,998116,1
34591.794322,4,0,0,998038,1
34592.508420,4,0,0,998068,1
34597.070148,4,0,0,998159,1
34600.306849,4,0,0,998181,1
34601.273858,4,0,0,998308,1
34601.827188,4,0,0,998306,1
34605.534586,4,0,0,998449,1
34607.166975,4,0,0,998451,1
34607.686846,4,0,0,998436,1
34610.911075,4,0,0,998448,1
34615.690699,4,0,0,998540,1
34615.875728,4,0,0,998549,1
34619.190003,4,0,0,998539,1
34619.607013,4,0,0,998494,1
34627.097009,4,0,0,998523,1
34633.879669,4,0,0,998535,1
34635.333658,4,0,0,998447,1
34635.841843,4,0,0,998462,1
34647.749966,4,0,0,998359,1
34651.233114,4,0,0,998448,1
34651.918274,4,0,0,998424,1
34652.488984,4,0,0,998402,1
34661.298006,4,0,0,998125,1
34665.073358,4,0,0,998067,1
34666.519212,4,0,0,998138,1
34670.618589,4,0,0,998042,1
34672.419038,4,0,0,998075,1
34679.916024,4,0,0,998070,1
34683.163667,4,0,0,998133,1
34699.209826,4,0,0,998321,1
34702.721306,4,0,0,998181,1
34713.874322,4,0,0,998175,1
34715.248197,4,0,0,998192,1
34718.771404,4,0,0,998109,1
34722.139894,4,0,0,998159,1
34730.156093,4,0,0,998153,1
34730.519426,4,0,0,998094,1
34739.167172,4,0,0,997826,1
34746.962604,4,0,0,998122,1
34749.454977,4,0,0,998126,1
34749.632469,4,0,0,998109,1
34756.600792,4,0,0,998101,1
34762.031295,4,0,0,997901,1
34774.040703,4,0,0,998159,1
34777.967007,4,0,0,998216,1
34794.378063,4,0,0,998163,1
34796.140568,4,0,0,998143,1
34798.118699,4,0,0,998015,1
34804.392949,4,0,0,998128,1
34810.169817,4,0,0,998207,1
34816.346790,4,0,0,998326,1
34827.072040,4,0,0,998442,1
34833.099950,4,0,0,998340,1
34838.578712,4,0,0,998262,1
34847.432486,4,0,0,998245,1
34852.384436,4,0,0,998142,1
34854.107807,4,0,0,998089,1
34862.543613,4,0,0,998200,1
34863.885198,4,0,0,998194,1
34869.700809,4,0,0,998275,1
34873.370080,4,0,0,998164,1
34875.661337,4,0,0,998125,1
34876.601882,4,0,0,998098,1
34886.974869,4,0,0,998279,1
34887.374646,4,0,0,998302,1
34895.154307,4,0,0,998141,1
34900.652924,4,0,0,998247,1
34903.616123,4,0,0,998336,1
34908.830104,4,0,0,998283,1
34910.418087,4,0,0,998277,1
34919.870178,4,0,0,998191,1
34920.809919,4,0,0,998205,1
34924.953281,4,0,0,998218,1
34927.930931,4,0,0,998261,1
34933.277235,4,0,0,998211,1
34936.367510,4,0,0,998236,1
34950.933415,4,0,0,998014,1
34960.106602,4,0,0,997944,1
34971.042126,4,0,0,997858,1
34971.165936,4,0,0,997839,1
34971.979033,4,0,0,997845,1
34975.076373,4,0,0,997942,1
34981.419320,4,0,0,998097,1
34983.525088,4,0,0,998198,1
34987.498004,4,0,0,998088,1
34987.720445,4,0,0,998089,1
34992.609801,4,0,0,998131,1
34998.074351,4,0,0,998243,1
35000.481469,4,0,0,998162,1
35001.183946,4,0,0,998166,1
35003.758638,4,0,0,998176,1
35010.169473,4,0,0,998132,1
35014.365403,4,0,0,998055,1
35024.639014,4,0,0,997966,1
35028.771458,4,0,0,998013,1
35029.708237,4,0,0,998082,1
35033.990542,4,0,0,998257,1
35034.255275,4,0,0,998261,1
35040.757452,4,0,0,998114,1
35041.830282,4,0,0,998104,1
35053.065513,4,0,0,998393,1
35056.132518,4,0,0,998231,1
35058.918183,4,0,0,998167,1
35059.617376,4,0,0,998180,1
35067.498046,4,0,0,998342,1
35079.396715,4,0,0,998693,1
35085.066250,4,0,0,998459,1
35090.330221,4,0,0,998542,1
35096.191834,4,0,0,998544,1
35102.720172,4,0,0,998396,1
35108.713559,4,0,0,998385,1
35109.450986,4,0,0,998377,1
35114.697928,4,0,0,998312,1
35126.226928,4,0,0,998201,1
35126.384487,4,0,0,998224,1
35127.361230,4,0,0,998198,1
35134.229923,4,0,0,998165,1
35134.434356,4,0,0,998183,1
35135.997881,4,0,0,998096,1
35145.326766,4,0,0,998176,1
35147.528017,4,0,0,998192,1
35158.486427,4,0,0,998371,1
35160.117460,4,0,0,998410,1
35162.404966,4,0,0,998542,1
35162.958634,4,0,0,998455,1
35171.014714,4,0,0,998642,1
35183.970112,4,0,0,998975,1
35184.936855,4,0,0,998997,1
35186.718850,4,0,0,998932,1
35192.086885,4,0,0,998937,1
35192.480780,4,0,0,998944,1
35192.639818,4,0,0,998939,1
35194.529732,4,0,0,998891,1
35196.865995,4,0,0,999048,1
35200.671905,4,0,0,999047,1
35204.520009,4,0,0,999167,1
35206.435199,4,0,0,999164,1
35209.085796,4,0,0,998981,1
35210.472766,4,0,0,998926,1
35211.555163,4,0,0,998991,1
35218.739230,4,0,0,998862,1
35219.457901,4,0,0,998843,1
35222.326034,4,0,0,998820,1
35222.950800,4,0,0,998818,1
35231.049910,4,0,0,998829,1
35239.915065,4,0,0,998686,1
35240.497812,4,0,0,998673,1
35246.599376,4,0,0,998782,1
35258.874681,4,0,0,998634,1
35261.206416,4,0,0,998773,1
35268.381624,4,0,0,998999,1
35280.692606,4,0,0,998883,1
35280.716332,4,0,0,998873,1
35282.237598,4,0,0,998865,1
35282.415427,4,0,0,998886,1
35283.477226,4,0,0,998886,1
35283.531102,4,0,0,998881,1
35283.770750,4,0,0,998845,1
35288.779931,4,0,0,998806,1
35290.408448,4,0,0,998825,1
35299.301793,4,0,0,998830,1
35301.239655,4,0,0,998834,1
35313.391376,4,0,0,998841,1
35314.064674,4,0,0,998875,1
35317.870983,4,0,0,998775,1
35319.538035,4,0,0,998780,1
35327.380519,4,0,0,999033,1
35329.349886,4,0,0,999036,1
35329.966524,4,0,0,998973,1
35332.873082,4,0,0,998985,1
35334.247448,4,0,0,998895,1
35340.783650,4,0,0,998882,1
35347.148236,4,0,0,998816,1
35347.197266,4,0,0,998814,1
35347.211589,4,0,0,998815,1
35359.166915,4,0,0,998802,1
35361.030635,4,0,0,998652,1
35362.710879,4,0,0,998697,1
35364.221264,4,0,0,998656,1
35365.569209,4,0,0,998589,1
35372.707172,4,0,0,998504,1
35374.167419,4,0,0,998453,1
35380.234935,4,0,0,998534,1
35385.582218,4,0,0,998405,1
35389.404759,4,0,0,998564,1
35394.892857,4,0,0,998851,1
35395.806795,4,0,0,998881,1
35398.792326,4,0,0,998883,1
35402.048163,4,0,0,998903,1
35402.181018,4,0,0,998908,1
35403.357880,4,0,0,998880,1
35416.307775,4,0,0,998736,1
35421.445464,4,0,0,998819,1
35439.835504,4,0,0,998869,1
35442.038831,4,0,0,998930,1
35448.908295,4,0,0,998949,1
35453.284165,4,0,0,998821,1
35457.689104,4,0,0,998811,1
35458.263934,4,0,0,998822,1
35459.465085,4,0,0,998864,1
35459.823616,4,0,0,998926,1
35463.187825,4,0,0,999182,1
35465.211062,4,0,0,999125,1
35466.258134,4,0,0,999165,1
35468.502436,4,0,0,999092,1
35472.075038,4,0,0,999091,1
35478.005727,4,0,0,999077,1
35482.267232,4,0,0,998993,1
35487.138671,4,0,0,999065,1
35491.563708,4,0,0,999111,1
35493.799439,4,0,0,999094,1
35495.682109,4,0,0,998999,1
35499.618820,4,0,0,999106,1
35506.238877,4,0,0,999043,1
35518.263755,4,0,0,999182,1
35526.668616,4,0,0,999292,1
35530.525241,4,0,0,999356,1
35538.851772,4,0,0,999269,1
35538.988663,4,0,0,999240,1
35546.622896,4,0,0,999316,1
35547.686468,4,0,0,999233,1
35553.221020,4,0,0,999427,1
35561.557599,4,0,0,999595,1
35563.365789,4,0,0,999702,1
35565.805524,4,0,0,999598,1
35586.071559,4,0,0,999506,1
35587.469453,4,0,0,999583,1
35594.199134,4,0,0,999539,1
35596.689400,4,0,0,999518,1
35598.499453,4,0,0,999521,1
35605.535239,4,0,0,999727,1
35608.391688,4,0,0,999671,1
35614.310144,4,0,0,999747,1
35615.511294,4,0,0,999800,1
35623.811023,4,0,0,999826,1
35629.841043,4,0,0,999712,1
35633.147039,4,0,0,999701,1
35640.642371,4,0,0,999639,1
35652.697779,4,0,0,999526,1
35660.098608,4,0,0,999615,1
35661.788766,4,0,0,999558,1
35667.828263,4,0,0,999469,1
35672.391535,4,0,0,999505,1
35681.190964,4,0,0,999564,1
35683.669241,4,0,0,999689,1
35686.556205,4,0,0,999644,1
35687.026825,4,0,0,999689,1
35688.206166,4,0,0,999723,1
35691.808491,4,0,0,999752,1
35695.405984,4,0,0,999716,1
35701.374002,4,0,0,999715,1
35702.986881,4,0,0,999679,1
35703.576634,4,0,0,999704,1
35704.567690,4,0,0,999599,1
35707.285909,4,0,0,999601,1
35708.266922,4,0,0,999586,1
35708.896828,4,0,0,999614,1
35715.068174,4,0,0,999532,1
35726.587072,4,0,0,999654,1
35726.887476,4,0,0,999676,1
35727.091698,4,0,0,999673,1
35728.700033,4,0,0,999726,1
35732.842631,4,0,0,999816,1
35746.154196,4,0,0,999926,1
35750.320067,4,0,0,999808,1
35755.766320,4,0,0,999678,1
35760.784179,4,0,0,999542,1
35774.692253,4,0,0,999391,1
35783.979198,4,0,0,999481,1
35786.119984,4,0,0,999445,1
35794.374772,4,0,0,999353,1
35795.821921,4,0,0,999368,1
35816.238494,4,0,0,999554,1
35818.678594,4,0,0,999595,1
35822.542968,4,0,0,999715,1
35827.530906,4,0,0,999667,1
35829.332388,4,0,0,999694,1
35839.091501,4,0,0,999828,1
35861.005925,4,0,0,999850,1
35865.034642,4,0,0,999752,1
35866.239298,4,0,0,999680,1
35867.848227,4,0,0,999703,1
35875.995371,4,0,0,999815,1
35879.930808,4,0,0,999896,1
35883.667542,4,0,0,999738,1
35884.441912,4,0,0,999782,1
35890.885427,4,0,0,999789,1
35891.699049,4,0,0,999769,1
35892.687142,4,0,0,999762,1
35896.903893,4,0,0,999604,1
35901.518231,4,0,0,999509,1
35902.524208,4,0,0,999499,1
35915.600823,4,0,0,999411,1
35921.486964,4,0,0,999236,1
35929.221278,4,0,0,999009,1
35936.475247,4,0,0,999008,1
35940.016650,4,0,0,998990,1
35944.792122,4,0,0,998840,1
35944.882548,4,0,0,998829,1
35949.063619,4,0,0,998774,1
35953.561262,4,0,0,998961,1
35958.828848,4,0,0,999008,1
35959.917153,4,0,0,999027,1
35961.766201,4,0,0,999040,1
35979.117356,4,0,0,999038,1
35980.646680,4,0,0,999095,1
35986.401372,4,0,0,999182,1
35987.875047,4,0,0,999204,1
35991.939304,4,0,0,999079,1
36001.770985,4,0,0,999299,1
36009.890871,4,0,0,999205,1
36010.032674,4,0,0,999188,1
36012.672547,4,0,0,999282,1
36015.063657,4,0,0,999206,1
36026.085604,4,0,0,999140,1
36026.259896,4,0,0,999129,1
36029.159403,4,0,0,998952,1
36048.189363,4,0,0,999067,1
36048.366626,4,0,0,999027,1
36053.676974,4,0,0,998958,1
36060.019821,4,0,0,998926,1
36060.549471,4,0,0,998960,1
36061.996621,4,0,0,999119,1
36065.077764,4,0,0,999152,1
36066.150938,4,0,0,999169,1
36079.049015,4,0,0,998907,1
36085.070107,4,0,0,998775,1
36085.579530,4,0,0,998796,1
36095.475543,4,0,0,998858,1
36097.100574,4,0,0,998780,1
36099.580871,4,0,0,998780,1
36104.201565,4,0,0,998873,1
36107.464852,4,0,0,998806,1
36111.130805,4,0,0,999109,1
36124.654136,4,0,0,998925,1
36126.993889,4,0,0,998919,1
36130.515720,4,0,0,998924,1
36131.541975,4,0,0,998960,1
36131.705647,4,0,0,998952,1
36135.221309,4,0,0,998996,1
36135.724632,4,0,0,998993,1
36141.131020,4,0,0,999049,1
36142.396383,4,0,0,999065,1
36145.787376,4,0,0,999187,1
36153.865236,4,0,0,999231,1
36159.532489,4,0,0,999072,1
36162.196856,4,0,0,998977,1
36167.670571,4,0,0,998872,1
36169.521586,4,0,0,998935,1
36181.007241,4,0,0,998640,1
36182.781337,4,0,0,998778,1
36187.350476,4,0,0,998824,1
36190.160673,4,0,0,998739,1
36190.415904,4,0,0,998727,1
36192.902555,4,0,0,998711,1
36197.157411,4,0,0,998665,1
36200.222955,4,0,0,998655,1
36213.458208,4,0,0,998866,1
36214.113668,4,0,0,998925,1
36220.766328,4,0,0,998805,1
36225.427053,4,0,0,998740,1
36227.527280,4,0,0,998760,1
36231.375900,4,0,0,998674,1
36232.040576,4,0,0,998720,1
36236.339278,4,0,0,998748,1
36237.046660,4,0,0,998734,1
36241.303579,4,0,0,998601,1
36249.821815,4,0,0,998623,1
36252.330411,4,0,0,998525,1
36252.613031,4,0,0,998514,1
36253.825105,4,0,0,998476,1
36257.832378,4,0,0,998415,1
36262.389050,4,0,0,998607,1
36276.548006,4,0,0,998861,1
36287.443186,4,0,0,999084,1
36289.088445,4,0,0,999025,1
36289.667960,4,0,0,999089,1
36297.883528,4,0,0,999106,1
36301.428706,4,0,0,999162,1
36317.511167,4,0,0,999051,1
36317.856853,4,0,0,999059,1
36319.931290,4,0,0,999120,1
36326.427754,4,0,0,999039,1
36330.382056,4,0,0,998994,1
36338.482184,4,0,0,998924,1
36345.031617,4,0,0,998913,1
36347.140158,4,0,0,998867,1
36349.439011,4,0,0,998857,1
36350.673121,4,0,0,998802,1
36358.568280,4,0,0,998862,1
36361.298216,4,0,0,998775,1
36370.258571,4,0,0,998777,1
36384.404661,4,0,0,999000,1
36386.403106,4,0,0,998958,1
36388.593048,4,0,0,998832,1
36391.701798,4,0,0,998722,1
36398.305298,4,0,0,998611,1
36398.386495,4,0,0,998622,1
36401.067733,4,0,0,998576,1
36408.825232,4,0,0,998523,1
36409.591343,4,0,0,998491,1
36416.342473,4,0,0,998450,1
36418.392036,4,0,0,998443,1
36418.602525,4,0,0,998442,1
36424.764590,4,0,0,998546,1
36434.082642,4,0,0,998451,1
36452.127994,4,0,0,998447,1
36452.916072,4,0,0,998376,1
36457.195569,4,0,0,998532,1
36458.715229,4,0,0,998494,1
36469.003493,4,0,0,998794,1
36469.461722,4,0,0,998728,1
36470.416972,4,0,0,998744,1
36470.806791,4,0,0,998708,1
36472.487680,4,0,0,998646,1
36487.103164,4,0,0,998341,1
36489.290182,4,0,0,998422,1
36493.225408,4,0,0,998391,1
36495.637332,4,0,0,998421,1
36514.481946,4,0,0,998202,1
36520.487801,4,0,0,998041,1
36529.298713,4,0,0,997924,1
36529.950494,4,0,0,997919,1
36543.151802,4,0,0,997943,1
36544.685816,4,0,0,997917,1
36550.247179,4,0,0,998146,1
36551.934020,4,0,0,998193,1
36556.941353,4,0,0,998216,1
36557.115853,4,0,0,998239,1
36559.480418,4,0,0,998119,1
36573.911937,4,0,0,997851,1
36574.647912,4,0,0,997778,1
36576.849550,4,0,0,997724,1
36589.691938,4,0,0,998093,1
36589.732292,4,0,0,998100,1
36598.449213,4,0,0,997889,1
36607.148948,4,0,0,997642,1
36614.416401,4,0,0,997718,1
36624.651851,4,0,0,997646,1
36626.935639,4,0,0,997667,1
36628.621998,4,0,0,997649,1
36632.184812,4,0,0,997754,1
36633.847131,4,0,0,997687,1
36635.201799,4,0,0,997718,1
36635.506355,4,0,0,997759,1
36637.590394,4,0,0,997822,1
36638.406192,4,0,0,997886,1
36645.225856,4,0,0,997771,1
36650.647734,4,0,0,997677,1
36660.118026,4,0,0,997876,1
36663.227902,4,0,0,997892,1
36664.560348,4,0,0,997816,1
36671.387004,4,0,0,997928,1
36672.397104,4,0,0,997939,1
36674.704301,4,0,0,997889,1
36679.364457,4,0,0,997867,1
36684.179502,4,0,0,997899,1
36687.322072,4,0,0,997871,1
36692.158770,4,0,0,997846,1
36693.290586,4,0,0,997741,1
36696.425492,4,0,0,997672,1
36698.234362,4,0,0,997729,1
36699.124079,4,0,0,997835,1
36699.470441,4,0,0,997805,1
36700.553173,4,0,0,997856,1
36703.050833,4,0,0,997850,1
36708.271256,4,0,0,997690,1
36709.740669,4,0,0,997702,1
36719.857129,4,0,0,998016,1
36720.199716,4,0,0,998045,1
36727.971188,4,0,0,997919,1
36730.994889,4,0,0,997898,1
36732.819648,4,0,0,997922,1
36733.544055,4,0,0,997887,1
36737.881002,4,0,0,997962,1
36741.916615,4,0,0,997914,1
36747.475471,4,0,0,997906,1
36756.686163,4,0,0,997738,1
36759.640713,4,0,0,997863,1
36773.846929,4,0,0,997585,1
36794.046903,4,0,0,997717,1
36794.651520,4,0,0,997690,1
36798.432232,4,0,0,997596,1
36802.801400,4,0,0,997808,1
36802.873305,4,0,0,997806,1
36803.635803,4,0,0,997834,1
36810.128330,4,0,0,997873,1
36812.359202,4,0,0,997825,1
36820.394577,4,0,0,997672,1
36844.036869,4,0,0,997489,1
36848.259207,4,0,0,997443,1
36848.359536,4,0,0,997444,1
36849.164409,4,0,0,997510,1
36854.375787,4,0,0,997624,1
36861.395258,4,0,0,997739,1
36861.439816,4,0,0,997749,1
36866.264691,4,0,0,997935,1
36869.933812,4,0,0,997912,1
36870.605928,4,0,0,997921,1
36871.029596,4,0,0,997914,1
36885.688558,4,0,0,998119,1
36900.983497,4,0,0,998067,1
36902.818021,4,0,0,998135,1
36905.212506,4,0,0,998135,1
36905.775406,4,0,0,998231,1
36907.142886,4,0,0,998169,1
36909.009425,4,0,0,998104,1
36914.623937,4,0,0,998244,1
36917.302163,4,0,0,998261,1
36921.988296,4,0,0,998234,1
36927.049990,4,0,0,998222,1
36930.666073,4,0,0,998244,1
36934.372597,4,0,0,998372,1
36934.372891,4,0,0,998371,1
36939.185960,4,0,0,998471,1
36944.797621,4,0,0,998214,1
36965.702981,4,0,0,998220,1
36968.688557,4,0,0,998191,1
36974.174209,4,0,0,998218,1
36976.780486,4,0,0,998081,1
36977.918803,4,0,0,998045,1
36978.648403,4,0,0,998110,1
36979.101574,4,0,0,998085,1
36980.307452,4,0,0,998124,1
36982.873627,4,0,0,998172,1
36983.142284,4,0,0,998204,1
36983.171511,4,0,0,998209,1
36990.305986,4,0,0,998185,1
37000.878463,4,0,0,998160,1
37002.553771,4,0,0,998140,1
37004.995542,4,0,0,998317,1
37017.441617,4,0,0,998084,1
37019.878512,4,0,0,997924,1
37023.101117,4,0,0,997965,1
37023.434906,4,0,0,998008,1
37026.815864,4,0,0,997915,1
37032.766726,4,0,0,998005,1
37034.338662,4,0,0,998037,1
37037.295077,4,0,0,998078,1
37037.594718,4,0,0,998083,1
37042.021274,4,0,0,997973,1
37047.866604,4,0,0,998120,1
37047.980283,4,0,0,998138,1
37051.085512,4,0,0,998098,1
37051.514699,4,0,0,998146,1
37070.243182,4,0,0,998451,1
37072.962222,4,0,0,998509,1
37076.265752,4,0,0,998631,1
37079.490640,4,0,0,998600,1
37092.378474,4,0,0,998567,1
37097.270800,4,0,0,998575,1
37103.500677,4,0,0,998706,1
37107.788088,4,0,0,998796,1
37111.313461,4,0,0,998698,1
37119.500736,4,0,0,998737,1
37128.097490,4,0,0,998641,1
37132.393400,4,0,0,998704,1
37135.860471,4,0,0,998748,1
37138.395457,4,0,0,998690,1
37141.831914,4,0,0,998562,1
37142.115890,4,0,0,998529,1
37143.605614,4,0,0,998538,1
37151.316413,4,0,0,998535,1
37164.230418,4,0,0,998410,1
37164.288139,4,0,0,998388,1
37164.369745,4,0,0,998387,1
37177.126794,4,0,0,998827,1
37186.052806,4,0,0,998659,1
37189.303610,4,0,0,998768,1
37202.883740,4,0,0,998559,1
37204.261001,4,0,0,998443,1
37206.078697,4,0,0,998376,1
37219.702643,4,0,0,998661,1
37221.664635,4,0,0,998550,1
37240.073089,4,0,0,998650,1
37240.803050,4,0,0,998648,1
37245.289102,4,0,0,998651,1
37249.736870,4,0,0,998630,1
37250.576788,4,0,0,998533,1
37251.659634,4,0,0,998546,1
37254.162112,4,0,0,998576,1
37257.482121,4,0,0,998600,1
37259.405924,4,0,0,998597,1
37264.731034,4,0,0,998596,1
37278.833242,4,0,0,998701,1
37288.067551,4,0,0,998717,1
37288.985079,4,0,0,998805,1
37292.378320,4,0,0,998784,1
37317.023639,4,0,0,998749,1
37320.002198,4,0,0,998791,1
37329.609385,4,0,0,999039,1
37330.011705,4,0,0,999044,1
37335.751886,4,0,0,999027,1
37336.572267,4,0,0,999043,1
37348.560725,4,0,0,999127,1
37351.009227,4,0,0,999190,1
37353.541489,4,0,0,999134,1
37354.020568,4,0,0,999050,1
37354.400246,4,0,0,999014,1
37358.924916,4,0,0,999084,1
37362.633644,4,0,0,999112,1
37364.681978,4,0,0,999144,1
37380.939727,4,0,0,999244,1
37383.730420,4,0,0,999170,1
37389.255871,4,0,0,999156,1
37390.550733,4,0,0,999152,1
37393.896754,4,0,0,999199,1
37407.206411,4,0,0,999186,1
37409.704629,4,0,0,999095,1
37413.418061,4,0,0,999040,1
37415.104363,4,0,0,999109,1
37416.975829,4,0,0,999092,1
37419.358001,4,0,0,999094,1
37420.771519,4,0,0,999093,1
37427.848338,4,0,0,999039,1
37431.242336,4,0,0,999070,1
37445.289567,4,0,0,999015,1
37449.378294,4,0,0,999163,1
37455.424592,4,0,0,999342,1
37458.404933,4,0,0,999168,1
37459.823319,4,0,0,999197,1
37461.606612,4,0,0,999256,1
37462.842421,4,0,0,999234,1
37463.169791,4,0,0,999259,1
37468.994583,4,0,0,999359,1
37472.522041,4,0,0,999327,1
37473.852181,4,0,0,999330,1
37474.343647,4,0,0,999353,1
37476.589152,4,0,0,999428,1
37481.764968,4,0,0,999465,1
37483.755520,4,0,0,999529,1
37486.322001,4,0,0,999557,1
37489.349075,4,0,0,999538,1
37492.098506,4,0,0,999417,1
37494.693298,4,0,0,999406,1
37496.955722,4,0,0,999363,1
37499.115247,4,0,0,999349,1
37504.844363,4,0,0,999408,1
37511.489655,4,0,0,999360,1
37513.471255,4,0,0,999247,1
37520.634066,4,0,0,999138,1
37523.932016,4,0,0,999137,1
37526.804068,4,0,0,999035,1
37538.854692,4,0,0,998764,1
37542.725375,4,0,0,998721,1
37547.828137,4,0,0,998530,1
37549.063406,4,0,0,998628,1
37551.100167,4,0,0,998556,1
37554.154825,4,0,0,998534,1
37558.693398,4,0,0,998494,1
37565.009554,4,0,0,998578,1
37573.866903,4,0,0,998615,1
37579.661891,4,0,0,998550,1
37584.183849,4,0,0,998566,1
37587.357083,4,0,0,998586,1
37589.920054,4,0,0,998562,1
37597.194061,4,0,0,998601,1
37600.334020,4,0,0,998503,1
37601.243666,4,0,0,998518,1
37602.641274,4,0,0,998526,1
37603.968906,4,0,0,998542,1
37612.037625,4,0,0,998654,1
37640.329732,4,0,0,998512,1
37648.166542,4,0,0,998524,1
37654.196017,4,0,0,998378,1
37658.589332,4,0,0,998386,1
37660.888775,4,0,0,998221,1
37666.718910,4,0,0,998400,1
37670.451539,4,0,0,998365,1
37672.419788,4,0,0,998367,1
37672.830664,4,0,0,998365,1
37673.943034,4,0,0,998334,1
37692.678563,4,0,0,998285,1
37694.665346,4,0,0,998264,1
37700.789416,4,0,0,998316,1
37703.896856,4,0,0,998438,1
37708.099616,4,0,0,998300,1
37709.695347,4,0,0,998219,1
37714.688136,4,0,0,998237,1
37715.129731,4,0,0,998176,1
37720.028522,4,0,0,998102,1
37729.644192,4,0,0,997933,1
37740.443449,4,0,0,997843,1
37744.811718,4,0,0,997765,1
37745.546100,4,0,0,997809,1
37754.481705,4,0,0,997799,1
37757.164120,4,0,0,997718,1
37760.974823,4,0,0,997775,1
37766.474627,4,0,0,997847,1
37770.602821,4,0,0,997847,1
37779.029878,4,0,0,997630,1
37784.308895,4,0,0,997604,1
37798.632844,4,0,0,997529,1
37800.037568,4,0,0,997576,1
37804.767150,4,0,0,997641,1
37809.282455,4,0,0,997451,1
37814.973135,4,0,0,997312,1
37816.184722,4,0,0,997352,1
37816.558687,4,0,0,997369,1
37816.661263,4,0,0,997368,1
37819.660949,4,0,0,997367,1
37823.810761,4,0,0,997342,1
37823.975501,4,0,0,997354,1
37827.617225,4,0,0,997462,1
37831.769050,4,0,0,997501,1
37832.117408,4,0,0,997502,1
37842.783760,4,0,0,997816,1
37843.324477,4,0,0,997779,1
37844.391997,4,0,0,997783,1
37846.519981,4,0,0,997839,1
37851.218809,4,0,0,997776,1
37853.215089,4,0,0,997702,1
37857.008501,4,0,0,997581,1
37860.827740,4,0,0,997558,1
37862.501430,4,0,0,997517,1
37864.675024,4,0,0,997432,1
37875.522640,4,0,0,997444,1
37877.574460,4,0,0,997507,1
37888.540087,4,0,0,997239,1
37904.370270,4,0,0,997158,1
37911.420950,4,0,0,997020,1
37914.330475,4,0,0,996941,1
37928.336757,4,0,0,996717,1
37929.519103,4,0,0,996725,1
37941.945167,4,0,0,996760,1
37949.273800,4,0,0,996460,1
37953.778083,4,0,0,996413,1
37963.013797,4,0,0,996504,1
37965.050389,4,0,0,996483,1
37965.765038,4,0,0,996480,1
37965.817470,4,0,0,996476,1
37968.086214,4,0,0,996542,1
37970.811628,4,0,0,996715,1
37977.036076,4,0,0,996603,1
37977.929223,4,0,0,996626,1
37980.473968,4,0,0,996735,1
37983.492476,4,0,0,996793,1
37993.327964,4,0,0,996647,1
37994.806995,4,0,0,996616,1
37998.341255,4,0,0,996639,1
37998.748159,4,0,0,996675,1
37999.897611,4,0,0,996673,1
38001.017446,4,0,0,996674,1
38003.260847,4,0,0,996695,1
38009.835344,4,0,0,996637,1
38013.383793,4,0,0,996804,1
38015.539429,4,0,0,996965,1
38018.005906,4,0,0,997070,1
38031.159119,4,0,0,997070,1
38035.006119,4,0,0,997054,1
38036.262487,4,0,0,996984,1
38037.036865,4,0,0,997110,1
38044.848572,4,0,0,997150,1
38045.294280,4,0,0,997147,1
38046.645012,4,0,0,997167,1
38058.755634,4,0,0,997132,1
38059.516294,4,0,0,997068,1
38064.026308,4,0,0,997278,1
38067.207094,4,0,0,997174,1
38067.753198,4,0,0,997262,1
38073.513396,4,0,0,997081,1
38081.917828,4,0,0,997191,1
38092.513395,4,0,0,997013,1
38093.748989,4,0,0,996962,1
38096.139751,4,0,0,996938,1
38096.575531,4,0,0,996934,1
38107.529214,4,0,0,996964,1
38108.032470,4,0,0,996953,1
38119.334875,4,0,0,997297,1
38119.610072,4,0,0,997305,1
38121.994316,4,0,0,997313,1
38124.293735,4,0,0,997401,1
38127.760782,4,0,0,997481,1
38130.784644,4,0,0,997509,1
38138.679324,4,0,0,997391,1
38145.565184,4,0,0,997402,1
38151.179804,4,0,0,997504,1
38162.406407,4,0,0,997494,1
38162.601900,4,0,0,997499,1
38166.782029,4,0,0,997548,1
38169.629850,4,0,0,997558,1
38185.865134,4,0,0,997074,1
38186.495860,4,0,0,996988,1
38187.674144,4,0,0,996954,1
38190.749982,4,0,0,996977,1
38191.156413,4,0,0,996912,1
38193.220147,4,0,0,996957,1
38194.951950,4,0,0,996908,1
38202.112517,4,0,0,997001,1
38205.838055,4,0,0,997000,1
38205.996285,4,0,0,997035,1
38211.124157,4,0,0,996910,1
38218.246283,4,0,0,996901,1
38231.628721,4,0,0,996715,1
38239.728319,4,0,0,996913,1
38245.258929,4,0,0,996848,1
38246.244867,4,0,0,996873,1
38258.094772,4,0,0,996844,1
38258.831247,4,0,0,996923,1
38269.465256,4,0,0,996968,1
38272.912238,4,0,0,996912,1
38280.443461,4,0,0,997131,1
38282.803187,4,0,0,997011,1
38290.523489,4,0,0,996905,1
38294.646510,4,0,0,996775,1
38297.177475,4,0,0,996874,1
38299.505090,4,0,0,996804,1
38311.797512,4,0,0,996758,1
38321.263170,4,0,0,996645,1
38324.837734,4,0,0,996596,1
38326.350630,4,0,0,996562,1
38330.061732,4,0,0,996570,1
38335.587601,4,0,0,996582,1
38340.214366,4,0,0,996586,1
38344.686854,4,0,0,996556,1
38351.615548,4,0,0,996516,1
38353.088154,4,0,0,996519,1
38361.308892,4,0,0,996106,1
38363.015640,4,0,0,996165,1
38374.439101,4,0,0,995977,1
38376.337923,4,0,0,995905,1
38377.707334,4,0,0,995884,1
38384.860173,4,0,0,995763,1
38385.435231,4,0,0,995825,1
38392.220607,4,0,0,995716,1
38395.754979,4,0,0,995695,1
38400.828598,4,0,0,995682,1
38403.477666,4,0,0,995755,1
38405.823820,4,0,0,995734,1
38417.439303,4,0,0,996046,1
38422.434884,4,0,0,996021,1
38423.943393,4,0,0,996019,1
38424.718136,4,0,0,996012,1
38424.861596,4,0,0,995994,1
38429.572322,4,0,0,995922,1
38432.014312,4,0,0,995852,1
38437.821701,4,0,0,995970,1
38439.337597,4,0,0,996015,1
38447.107801,4,0,0,996138,1
38459.363159,4,0,0,996176,1
38464.913172,4,0,0,996376,1
38467.808634,4,0,0,996292,1
38471.623217,4,0,0,996236,1
38472.586247,4,0,0,996266,1
38473.476509,4,0,0,996153,1
38473.791451,4,0,0,996106,1
38479.398490,4,0,0,996033,1
38480.982455,4,0,0,996098,1
38499.142424,4,0,0,996271,1
38505.747052,4,0,0,996315,1
38511.146527,4,0,0,996340,1
38516.407349,4,0,0,996095,1
38520.819299,4,0,0,996127,1
38521.397782,4,0,0,996081,1
38537.214486,4,0,0,996154,1
38540.786554,4,0,0,996352,1
38546.145512,4,0,0,996501,1
38550.605664,4,0,0,996458,1
38554.079734,4,0,0,996420,1
38555.589330,4,0,0,996354,1
38560.040500,4,0,0,996288,1
38565.892809,4,0,0,996226,1
38568.123665,4,0,0,996091,1
38573.957348,4,0,0,996030,1
38574.653670,4,0,0,996038,1
38580.530021,4,0,0,995994,1
38587.741778,4,0,0,996049,1
38607.370518,4,0,0,995923,1
38613.773512,4,0,0,995869,1
38627.694232,4,0,0,995828,1
38629.018615,4,0,0,995876,1
38637.932083,4,0,0,996155,1
38643.535599,4,0,0,996081,1
38653.990346,4,0,0,996163,1
38654.380028,4,0,0,996135,1
38658.211501,4,0,0,996076,1
38659.231780,4,0,0,996030,1
38660.375589,4,0,0,995975,1
38661.751748,4,0,0,995977,1
38662.254343,4,0,0,995941,1
38662.916006,4,0,0,995880,1
38669.281283,4,0,0,995877,1
38673.407009,4,0,0,996012,1
38683.267885,4,0,0,996023,1
38683.385788,4,0,0,996024,1
38687.116406,4,0,0,996019,1
38694.950840,4,0,0,995757,1
38699.411682,4,0,0,995680,1
38700.661303,4,0,0,995707,1
38700.741337,4,0,0,995728,1
38707.081219,4,0,0,995749,1
38714.915370,4,0,0,995460,1
38715.225892,4,0,0,995415,1
38718.098601,4,0,0,995406,1
38719.802169,4,0,0,995460,1
38722.917413,4,0,0,995569,1
38729.919308,4,0,0,995708,1
38733.895244,4,0,0,995576,1
38736.196465,4,0,0,995548,1
38742.016138,4,0,0,995488,1
38746.331031,4,0,0,995638,1
38756.214731,4,0,0,995820,1
38757.133028,4,0,0,995847,1
38760.006310,4,0,0,995911,1
38764.641260,4,0,0,996007,1
38766.616695,4,0,0,995966,1
38770.796133,4,0,0,995956,1
38771.143361,4,0,0,995949,1
38771.644532,4,0,0,995903,1
38774.722634,4,0,0,995885,1
38778.447545,4,0,0,995777,1
38798.143417,4,0,0,995829,1
38803.373981,4,0,0,995709,1
38808.932988,4,0,0,995833,1
38813.526382,4,0,0,996019,1
38838.188560,4,0,0,996108,1
38847.493039,4,0,0,996066,1
38864.899541,4,0,0,995960,1
38872.626031,4,0,0,995985,1
38876.728580,4,0,0,995705,1
38884.004422,4,0,0,995564,1
38888.234937,4,0,0,995317,1
38890.610487,4,0,0,995357,1
38891.923087,4,0,0,995453,1
38896.416669,4,0,0,995456,1
38896.968507,4,0,0,995447,1
38903.926571,4,0,0,995534,1
38906.047354,4,0,0,995553,1
38927.203889,4,0,0,995274,1
38929.273141,4,0,0,995238,1
38938.165772,4,0,0,995100,1
38944.256469,4,0,0,995002,1
38945.305665,4,0,0,995044,1
38945.505545,4,0,0,995081,1
38947.433846,4,0,0,995157,1
38954.719114,4,0,0,995065,1
38959.475685,4,0,0,994852,1
38962.514943,4,0,0,994854,1
38965.397252,4,0,0,994755,1
38969.317655,4,0,0,994857,1
38969.389912,4,0,0,994851,1
38980.000316,4,0,0,994913,1
38982.566874,4,0,0,994964,1
38983.850861,4,0,0,994930,1
38984.579080,4,0,0,994900,1
39012.164785,4,0,0,995315,1
39014.658521,4,0,0,995295,1
39019.196442,4,0,0,995248,1
39020.170357,4,0,0,995263,1
39020.387337,4,0,0,995248,1
39022.185883,4,0,0,995327,1
39024.358043,4,0,0,995322,1
39030.426774,4,0,0,995426,1
39030.486897,4,0,0,995443,1
39043.091441,4,0,0,995711,1
39047.767453,4,0,0,995766,1
39048.406967,4,0,0,995840,1
39059.798176,4,0,0,995854,1
39060.312277,4,0,0,995854,1
39066.591840,4,0,0,995783,1
39075.055835,4,0,0,995833,1
39080.681633,4,0,0,995998,1
39081.745279,4,0,0,995992,1
39083.704953,4,0,0,995979,1
39084.192723,4,0,0,995999,1
39087.749059,4,0,0,996054,1
39090.761019,4,0,0,996156,1
39097.355388,4,0,0,996422,1
39100.033579,4,0,0,996543,1
39104.361808,4,0,0,996591,1
39105.592511,4,0,0,996553,1
39106.703552,4,0,0,996562,1
39107.252789,4,0,0,996521,1
39108.133134,4,0,0,996490,1
39108.248186,4,0,0,996498,1
39110.551657,4,0,0,996524,1
39133.034821,4,0,0,996499,1
39141.935292,4,0,0,996581,1
39155.238584,4,0,0,996237,1
39157.845651,4,0,0,996346,1
39169.776701,4,0,0,996228,1
39174.414047,4,0,0,996426,1
39175.164593,4,0,0,996419,1
39177.503446,4,0,0,996441,1
39179.537704,4,0,0,996336,1
39180.044971,4,0,0,996382,1
39180.692122,4,0,0,996411,1
39185.875588,4,0,0,996350,1
39189.343161,4,0,0,996259,1
39190.462922,4,0,0,996239,1
39190.517970,4,0,0,996247,1
39193.350868,4,0,0,996160,1
39202.325268,4,0,0,996178,1
39218.282167,4,0,0,996266,1
39221.973634,4,0,0,996137,1
39231.565353,4,0,0,996445,1
39240.643515,4,0,0,996545,1
39242.006361,4,0,0,996547,1
39258.026608,4,0,0,996535,1
39261.909018,4,0,0,996499,1
39266.494384,4,0,0,996471,1
39282.560888,4,0,0,996659,1
39284.375007,4,0,0,996750,1
39301.227568,4,0,0,996664,1
39306.337769,4,0,0,996617,1
39314.879650,4,0,0,996786,1
39322.977475,4,0,0,996688,1
39324.308533,4,0,0,996630,1
39325.323158,4,0,0,996615,1
39327.067284,4,0,0,996664,1
39330.045703,4,0,0,996600,1
39330.845423,4,0,0,996609,1
39331.793246,4,0,0,996600,1
39333.950220,4,0,0,996758,1
39344.503496,4,0,0,996826,1
39344.982350,4,0,0,996840,1
39350.377152,4,0,0,996933,1
39355.233183,4,0,0,996915,1
39362.648951,4,0,0,997126,1
39362.707354,4,0,0,997123,1
39364.942604,4,0,0,997070,1
39372.176933,4,0,0,997291,1
39376.430244,4,0,0,997188,1
39379.127831,4,0,0,997263,1
39391.562143,4,0,0,997179,1
39391.850221,4,0,0,997151,1
39392.744061,4,0,0,997079,1
39393.259866,4,0,0,997087,1
39399.262043,4,0,0,997261,1
39405.110460,4,0,0,997291,1
39414.590437,4,0,0,997125,1
39424.656777,4,0,0,997286,1
39431.097146,4,0,0,997168,1
39431.756953,4,0,0,997175,1
39435.105178,4,0,0,997288,1
39437.857102,4,0,0,997387,1
39438.849012,4,0,0,997387,1
39442.337575,4,0,0,997405,1
39448.772909,4,0,0,997612,1
39451.787442,4,0,0,997547,1
39464.253380,4,0,0,997598,1
39475.370282,4,0,0,997686,1
39480.088058,4,0,0,997647,1
39482.900597,4,0,0,997710,1
39483.913674,4,0,0,997669,1
39489.966016,4,0,0,997617,1
39497.109331,4,0,0,997587,1
39500.442251,4,0,0,997695,1
39506.928925,4,0,0,997613,1
39515.061987,4,0,0,997755,1
39521.768335,4,0,0,997795,1
39531.512386,4,0,0,997695,1
39534.931848,4,0,0,997655,1
39537.241180,4,0,0,997683,1
39556.292695,4,0,0,997867,1
39567.962213,4,0,0,998106,1
39578.958976,4,0,0,998132,1
39587.956178,4,0,0,998146,1
39588.448908,4,0,0,998157,1
39590.952398,4,0,0,998230,1
39592.104521,4,0,0,998204,1
39592.268234,4,0,0,998183,1
39595.765239,4,0,0,998121,1
39602.010586,4,0,0,997889,1
39603.792988,4,0,0,997908,1
39606.493284,4,0,0,997875,1
39608.192960,4,0,0,997903,1
39611.330797,4,0,0,997929,1
39612.748000,4,0,0,998017,1
39614.466066,4,0,0,998070,1
39620.312570,4,0,0,998055,1
39633.520666,4,0,0,997808,1
39633.919531,4,0,0,997742,1
39639.413806,4,0,0,997690,1
39643.152196,4,0,0,997683,1
39644.063512,4,0,0,997686,1
39651.742244,4,0,0,997789,1
39656.707487,4,0,0,997906,1
39659.973174,4,0,0,998014,1
39664.011177,4,0,0,997909,1
39664.676970,4,0,0,997894,1
39672.828524,4,0,0,997798,1
39678.255259,4,0,0,997740,1
39690.246000,4,0,0,997893,1
39692.280999,4,0,0,997966,1
39696.413742,4,0,0,997966,1
39696.858235,4,0,0,997947,1
39697.822619,4,0,0,997937,1
39699.205473,4,0,0,997991,1
39700.804276,4,0,0,997887,1
39702.731746,4,0,0,997900,1
39704.674548,4,0,0,997923,1
39705.640590,4,0,0,997983,1
39707.498207,4,0,0,997897,1
39717.187659,4,0,0,997977,1
39719.364902,4,0,0,997967,1
39724.209383,4,0,0,997935,1
39730.240082,4,0,0,997661,1
39734.584572,4,0,0,997568,1
39735.762747,4,0,0,997615,1
39747.772521,4,0,0,997416,1
39757.451818,4,0,0,997352,1
39762.478698,4,0,0,997180,1
39788.194322,4,0,0,996823,1
39792.561530,4,0,0,996812,1
39792.714213,4,0,0,996806,1
39795.101982,4,0,0,996874,1
39800.944310,4,0,0,997092,1
39805.815939,4,0,0,997209,1
39807.400708,4,0,0,997152,1
39808.559406,4,0,0,997166,1
39810.023324,4,0,0,997334,1
39821.574140,4,0,0,997521,1
39824.633125,4,0,0,997629,1
39832.902829,4,0,0,997708,1
39834.127097,4,0,0,997719,1
39837.223939,4,0,0,997725,1
39839.602829,4,0,0,997677,1
39844.268414,4,0,0,997672,1
39846.405900,4,0,0,997717,1
39865.059069,4,0,0,997427,1
39868.138741,4,0,0,997438,1
39870.950107,4,0,0,997544,1
39872.563703,4,0,0,997598,1
39882.332074,4,0,0,997545,1
39886.577092,4,0,0,997436,1
39886.788131,4,0,0,997440,1
39892.409201,4,0,0,997359,1
39894.720913,4,0,0,997428,1
39897.569682,4,0,0,997437,1
39900.183516,4,0,0,997446,1
39902.670580,4,0,0,997467,1
39912.670701,4,0,0,997325,1
39920.508782,4,0,0,997307,1
39921.005086,4,0,0,997376,1
39921.142973,4,0,0,997365,1
39925.774093,4,0,0,997379,1
39927.326133,4,0,0,997274,1
39931.787314,4,0,0,997353,1
39940.104833,4,0,0,997644,1
39946.040969,4,0,0,997556,1
39948.185193,4,0,0,997496,1
39953.005415,4,0,0,997616,1
39961.567454,4,0,0,997931,1
39965.107964,4,0,0,998024,1
39966.594740,4,0,0,998034,1
39981.354366,4,0,0,997891,1
39982.340598,4,0,0,997856,1
39983.412150,4,0,0,997796,1
39985.305461,4,0,0,997699,1
39985.473194,4,0,0,997685,1
39990.889969,4,0,0,997491,1
39991.886153,4,0,0,997492,1
40000.382658,4,0,0,997453,1
40001.061004,4,0,0,997438,1
40014.102521,4,0,0,997473,1
40019.242170,4,0,0,997471,1
40021.834227,4,0,0,997524,1
40022.500813,4,0,0,997505,1
40026.143997,4,0,0,997394,1
40028.946239,4,0,0,997572,1
40038.152499,4,0,0,997591,1
40041.008500,4,0,0,997500,1
40041.315997,4,0,0,997448,1
40047.278802,4,0,0,997579,1
40051.656423,4,0,0,997824,1
40055.396745,4,0,0,997762,1
40056.468210,4,0,0,997712,1
40059.746541,4,0,0,997855,1
40067.801218,4,0,0,997979,1
40072.467716,4,0,0,997844,1
40079.017454,4,0,0,997917,1
40084.426592,4,0,0,997817,1
40086.003656,4,0,0,997802,1
40092.105637,4,0,0,997785,1
40112.063999,4,0,0,997699,1
40115.402641,4,0,0,997820,1
40117.401889,4,0,0,997912,1
40117.449879,4,0,0,997902,1
40117.530090,4,0,0,997895,1
40118.041075,4,0,0,997946,1
40120.313675,4,0,0,997901,1
40124.417965,4,0,0,997834,1
40128.254074,4,0,0,997781,1
40137.562409,4,0,0,997709,1
40139.557256,4,0,0,997697,1
40144.701188,4,0,0,997548,1
40147.135109,4,0,0,997703,1
40149.179422,4,0,0,997804,1
40150.037303,4,0,0,997811,1
40161.157192,4,0,0,997857,1
40165.094532,4,0,0,997881,1
40165.495595,4,0,0,997865,1
40180.785481,4,0,0,997918,1
40188.424745,4,0,0,997922,1
40192.190931,4,0,0,997831,1
40196.052642,4,0,0,997910,1
40211.739192,4,0,0,997968,1
40213.025059,4,0,0,997984,1
40221.784544,4,0,0,997850,1
40237.837478,4,0,0,997960,1
40240.967969,4,0,0,998005,1
40257.393974,4,0,0,997948,1
40258.548676,4,0,0,997990,1
40259.791680,4,0,0,997955,1
40261.296559,4,0,0,997994,1
40271.012442,4,0,0,998102,1
40271.456567,4,0,0,998093,1
40275.243531,4,0,0,998166,1
40275.246935,4,0,0,998163,1
40275.834415,4,0,0,998210,1
40277.750988,4,0,0,998300,1
40294.816508,4,0,0,998959,1
40305.799251,4,0,0,998820,1
40311.348449,4,0,0,998817,1
40327.238326,4,0,0,998817,1
40338.479897,4,0,0,998911,1
40356.414511,4,0,0,998772,1
40361.470371,4,0,0,998913,1
40371.884486,4,0,0,998741,1
40378.313947,4,0,0,998633,1
40391.734919,4,0,0,998519,1
40405.852694,4,0,0,998411,1
40406.830762,4,0,0,998432,1
40407.797679,4,0,0,998365,1
40408.902491,4,0,0,998378,1
40413.977784,4,0,0,998356,1
40415.749573,4,0,0,998428,1
40429.449885,4,0,0,998364,1
40431.879819,4,0,0,998295,1
40433.304197,4,0,0,998278,1
40434.310059,4,0,0,998226,1
40436.958200,4,0,0,998196,1
40437.640052,4,0,0,998162,1
40448.758375,4,0,0,997903,1
40458.111497,4,0,0,997958,1
40467.370909,4,0,0,997863,1
40491.970492,4,0,0,997750,1
40493.670755,4,0,0,997679,1
40495.177436,4,0,0,997697,1
40495.641144,4,0,0,997692,1
40495.688058,4,0,0,997673,1
40503.538669,4,0,0,997478,1
40505.251063,4,0,0,997492,1
40512.149941,4,0,0,997377,1
40512.740241,4,0,0,997429,1
40515.804912,4,0,0,997367,1
40516.330508,4,0,0,997333,1
40516.905210,4,0,0,997294,1
40528.715539,4,0,0,997698,1
40529.991810,4,0,0,997759,1
40537.465046,4,0,0,997492,1
40542.014257,4,0,0,997332,1
40545.666241,4,0,0,997394,1
40545.825419,4,0,0,997385,1
40547.166032,4,0,0,997363,1
40548.384710,4,0,0,997338,1
40555.728002,4,0,0,997545,1
40559.271988,4,0,0,997499,1
40559.663794,4,0,0,997526,1
40561.195009,4,0,0,997519,1
40567.411467,4,0,0,997836,1
40573.579927,4,0,0,997746,1
40574.932380,4,0,0,997744,1
40575.790932,4,0,0,997786,1
40578.340115,4,0,0,997682,1
40579.609711,4,0,0,997760,1
40583.043184,4,0,0,997620,1
40583.461573,4,0,0,997663,1
40586.194010,4,0,0,997672,1
40588.317828,4,0,0,997689,1
40607.037605,4,0,0,997286,1
40609.959310,4,0,0,997421,1
40612.924186,4,0,0,997421,1
40629.453928,4,0,0,997821,1
40631.826555,4,0,0,997770,1
40632.601501,4,0,0,997783,1
40633.688107,4,0,0,997793,1
40642.396832,4,0,0,997763,1
40650.436669,4,0,0,998006,1
40652.071241,4,0,0,998096,1
40655.807315,4,0,0,997899,1
40667.151725,4,0,0,997825,1
40672.983803,4,0,0,997844,1
40687.678068,4,0,0,997804,1
40689.041703,4,0,0,997755,1
40711.719997,4,0,0,997464,1
40712.256705,4,0,0,997476,1
40717.072196,4,0,0,997515,1
40717.181905,4,0,0,997516,1
40723.293226,4,0,0,997608,1
40723.363695,4,0,0,997606,1
40725.681296,4,0,0,997687,1
40731.274795,4,0,0,997749,1
40731.462238,4,0,0,997783,1
40732.235656,4,0,0,997739,1
40733.743010,4,0,0,997672,1
40734.639157,4,0,0,997659,1
40737.564870,4,0,0,997567,1
40737.973991,4,0,0,997621,1
40743.739170,4,0,0,997407,1
40751.428152,4,0,0,997502,1
40756.148562,4,0,0,997577,1
40761.218980,4,0,0,997715,1
40765.451358,4,0,0,997481,1
40768.041503,4,0,0,997537,1
40768.359640,4,0,0,997510,1
40776.222440,4,0,0,997525,1
40790.286714,4,0,0,997412,1
40794.662914,4,0,0,997203,1
40800.302699,4,0,0,997464,1
40802.980573,4,0,0,997491,1
40806.510006,4,0,0,997536,1
40812.688312,4,0,0,997313,1
40813.548201,4,0,0,997294,1
40818.817154,4,0,0,997474,1
40822.479767,4,0,0,997466,1
40823.888144,4,0,0,997481,1
40834.047238,4,0,0,997294,1
40869.705423,4,0,0,997024,1
40871.871258,4,0,0,997021,1
40873.413440,4,0,0,997001,1
40877.002007,4,0,0,996926,1
40883.702954,4,0,0,996926,1
40890.735312,4,0,0,996798,1
40892.661886,4,0,0,996894,1
40895.955201,4,0,0,996865,1
40895.972587,4,0,0,996871,1
40897.021179,4,0,0,996870,1
40899.596650,4,0,0,996829,1
40901.087214,4,0,0,996810,1
40908.793698,4,0,0,996802,1
40912.983098,4,0,0,996789,1
40922.821980,4,0,0,996841,1
40927.090026,4,0,0,996846,1
40935.984791,4,0,0,996814,1
40937.156537,4,0,0,996864,1
40944.478857,4,0,0,996848,1
40947.859202,4,0,0,996874,1
40949.461595,4,0,0,996897,1
40949.641887,4,0,0,996851,1
40954.651348,4,0,0,996995,1
40956.024891,4,0,0,997060,1
40971.998881,4,0,0,996955,1
40972.442710,4,0,0,996933,1
40980.754087,4,0,0,996640,1
40983.023962,4,0,0,996661,1
41004.296409,4,0,0,996525,1
41008.868981,4,0,0,996428,1
41019.404018,4,0,0,996283,1
41023.736956,4,0,0,996233,1
41026.763336,4,0,0,996340,1
41026.780480,4,0,0,996335,1
41032.634639,4,0,0,996567,1
41035.264916,4,0,0,996420,1
41037.936970,4,0,0,996336,1
41042.464911,4,0,0,996306,1
41043.825864,4,0,0,996195,1
41051.150470,4,0,0,996216,1
41054.747098,4,0,0,996208,1
41065.317203,4,0,0,996514,1
41071.060395,4,0,0,996671,1
41071.882539,4,0,0,996674,1
41077.729361,4,0,0,996513,1
41084.476079,4,0,0,996644,1
41088.710979,4,0,0,996639,1
41107.760751,4,0,0,996497,1
41109.301325,4,0,0,996474,1
41112.885221,4,0,0,996470,1
41122.914004,4,0,0,996205,1
41123.027791,4,0,0,996196,1
41126.317486,4,0,0,996225,1
41128.567311,4,0,0,996183,1
41135.382039,4,0,0,996134,1
41139.824234,4,0,0,996167,1
41142.329795,4,0,0,996259,1
41148.922568,4,0,0,996329,1
41150.621715,4,0,0,996327,1
41155.596812,4,0,0,996159,1
41155.886539,4,0,0,996139,1
41159.023443,4,0,0,996227,1
41160.665029,4,0,0,996262,1
41163.063682,4,0,0,996289,1
41171.137148,4,0,0,996433,1
41178.485824,4,0,0,996434,1
41181.317736,4,0,0,996466,1
41184.281353,4,0,0,996539,1
41191.746617,4,0,0,996862,1
41194.626414,4,0,0,996981,1
41196.967753,4,0,0,996994,1
41197.012075,4,0,0,996995,1
41207.313110,4,0,0,997059,1
41208.552903,4,0,0,997112,1
41209.884479,4,0,0,997104,1
41211.109950,4,0,0,997193,1
41223.143412,4,0,0,997100,1
41224.675055,4,0,0,997200,1
41224.909233,4,0,0,997213,1
41240.615393,4,0,0,997502,1
41246.080212,4,0,0,997643,1
41246.737921,4,0,0,997633,1
41249.625369,4,0,0,997582,1
41250.785855,4,0,0,997463,1
41253.510129,4,0,0,997460,1
41255.546176,4,0,0,997426,1
41258.486326,4,0,0,997484,1
41260.238961,4,0,0,997475,1
41264.345993,4,0,0,997742,1
41272.849965,4,0,0,997711,1
41276.124991,4,0,0,997721,1
41279.920249,4,0,0,997775,1
41286.237689,4,0,0,997599,1
41286.818568,4,0,0,997593,1
41292.875958,4,0,0,997438,1
41312.403226,4,0,0,997157,1
41313.091853,4,0,0,997143,1
41313.302821,4,0,0,997173,1
41335.284571,4,0,0,996810,1
41336.235567,4,0,0,996907,1
41338.676795,4,0,0,996936,1
41343.375445,4,0,0,996953,1
41345.827488,4,0,0,996964,1
41363.321703,4,0,0,997169,1
41364.934844,4,0,0,997153,1
41367.072548,4,0,0,997192,1
41367.839739,4,0,0,997222,1
41378.958166,4,0,0,997180,1
41383.077227,4,0,0,997129,1
41385.617226,4,0,0,997105,1
41391.022859,4,0,0,996973,1
41395.994022,4,0,0,996931,1
41405.328740,4,0,0,996821,1
41406.582625,4,0,0,996903,1
41417.546348,4,0,0,996827,1
41418.787973,4,0,0,996797,1
41419.567200,4,0,0,996791,1
41431.391104,4,0,0,996586,1
41436.086658,4,0,0,996447,1
41456.048292,4,0,0,996608,1
41465.793415,4,0,0,996497,1
41466.944674,4,0,0,996449,1
41471.963614,4,0,0,996339,1
41480.734833,4,0,0,996446,1
41489.669035,4,0,0,996282,1
41495.548084,4,0,0,996205,1
41500.407767,4,0,0,996238,1
41506.159218,4,0,0,996177,1
41507.528151,4,0,0,996037,1
41510.346977,4,0,0,996027,1
41518.056785,4,0,0,996180,1
41523.714129,4,0,0,996308,1
41524.463347,4,0,0,996286,1
41528.517913,4,0,0,996242,1
41534.374240,4,0,0,996323,1
41544.468847,4,0,0,996591,1
41550.778245,4,0,0,996461,1
41555.126397,4,0,0,996399,1
41564.216227,4,0,0,996364,1
41564.511426,4,0,0,996359,1
41568.761967,4,0,0,996308,1
41572.716291,4,0,0,996483,1
41575.965962,4,0,0,996446,1
41585.471084,4,0,0,996713,1
41590.884099,4,0,0,996607,1
41594.550385,4,0,0,996689,1
41596.164757,4,0,0,996609,1
41596.600756,4,0,0,996620,1
41596.625578,4,0,0,996618,1
41605.394845,4,0,0,996701,1
41607.220582,4,0,0,996771,1
41610.433517,4,0,0,996765,1
41613.129502,4,0,0,996654,1
41620.546584,4,0,0,996706,1
41622.029248,4,0,0,996681,1
41623.332037,4,0,0,996562,1
41623.590522,4,0,0,996542,1
41632.435725,4,0,0,996692,1
41653.884597,4,0,0,996742,1
41655.574300,4,0,0,996782,1
41660.185082,4,0,0,996685,1
41662.592601,4,0,0,996665,1
41667.379036,4,0,0,996696,1
41667.987682,4,0,0,996683,1
41668.832153,4,0,0,996664,1
41670.361369,4,0,0,996665,1
41670.535013,4,0,0,996636,1
41670.846503,4,0,0,996670,1
41676.889738,4,0,0,996685,1
41683.045008,4,0,0,996784,1
41689.229611,4,0,0,997051,1
41691.144704,4,0,0,997172,1
41696.232166,4,0,0,997287,1
41696.745062,4,0,0,997237,1
41699.989379,4,0,0,997302,1
41713.949372,4,0,0,997437,1
41717.000812,4,0,0,997303,1
41718.801747,4,0,0,997333,1
41750.269868,4,0,0,997386,1
41752.008392,4,0,0,997304,1
41753.839385,4,0,0,997284,1
41763.515926,4,0,0,997298,1
41785.353596,4,0,0,997320,1
41787.852344,4,0,0,997393,1
41788.134376,4,0,0,997364,1
41790.263618,4,0,0,997370,1
41793.409869,4,0,0,997360,1
41801.710491,4,0,0,997436,1
41802.078383,4,0,0,997439,1
41808.439440,4,0,0,997716,1
41809.863086,4,0,0,997740,1
41812.177478,4,0,0,997582,1
41813.111856,4,0,0,997581,1
41813.187488,4,0,0,997589,1
41814.556403,4,0,0,997582,1
41816.908630,4,0,0,997592,1
41819.196681,4,0,0,997600,1
41819.413711,4,0,0,997581,1
41821.376021,4,0,0,997596,1
41826.641890,4,0,0,997478,1
41830.802733,4,0,0,997378,1
41831.204585,4,0,0,997362,1
41840.627621,4,0,0,997163,1
41842.320222,4,0,0,997150,1
41848.671977,4,0,0,997203,1
41852.730147,4,0,0,997109,1
41856.106870,4,0,0,997091,1
41861.706902,4,0,0,997212,1
41866.969070,4,0,0,997304,1
41872.225560,4,0,0,997355,1
41884.748345,4,0,0,997178,1
41884.990701,4,0,0,997188,1
41888.810581,4,0,0,997201,1
41889.418750,4,0,0,997263,1
41899.797179,4,0,0,997398,1
41914.486079,4,0,0,997378,1
41917.458667,4,0,0,997273,1
41921.051959,4,0,0,997429,1
41922.026030,4,0,0,997423,1
41922.854823,4,0,0,997347,1
41923.230210,4,0,0,997327,1
41923.571545,4,0,0,997320,1
41938.151834,4,0,0,997733,1
41938.890254,4,0,0,997738,1
41939.462482,4,0,0,997689,1
41944.563500,4,0,0,997671,1
41950.873788,4,0,0,997785,1
41951.657888,4,0,0,997876,1
41954.008142,4,0,0,998071,1
41954.388895,4,0,0,998079,1
41959.006884,4,0,0,998006,1
41962.775251,4,0,0,998024,1
41973.958503,4,0,0,998121,1
41995.891463,4,0,0,998185,1
42000.389331,4,0,0,998244,1
42014.938597,4,0,0,997940,1
42020.504712,4,0,0,998062,1
42023.294175,4,0,0,997941,1
42023.794363,4,0,0,997993,1
42024.235042,4,0,0,997987,1
42024.402680,4,0,0,997958,1
42024.877048,4,0,0,997994,1
42041.424586,4,0,0,997774,1
42044.258550,4,0,0,997742,1
42049.504256,4,0,0,997780,1
42050.931739,4,0,0,997872,1
42054.423402,4,0,0,997933,1
42059.413887,4,0,0,997891,1
42063.281846,4,0,0,997964,1
42064.479535,4,0,0,997967,1
42065.880026,4,0,0,997942,1
42070.299592,4,0,0,998011,1
42074.140962,4,0,0,998071,1
42078.156903,4,0,0,998042,1
42088.391562,4,0,0,998100,1
42089.659658,4,0,0,998074,1
42090.842728,4,0,0,998178,1
42092.761814,4,0,0,998071,1
42094.907466,4,0,0,998014,1
42096.595277,4,0,0,997864,1
42099.137984,4,0,0,997994,1
42099.179495,4,0,0,998003,1
42102.533346,4,0,0,998004,1
42108.588023,4,0,0,997961,1
42108.955968,4,0,0,997993,1
42115.703925,4,0,0,997872,1
42115.916364,4,0,0,997890,1
42130.080709,4,0,0,997345,1
42133.261203,4,0,0,997306,1
42134.253478,4,0,0,997330,1
42136.487089,4,0,0,997356,1
42139.897310,4,0,0,997381,1
42145.087446,4,0,0,997624,1
42147.250946,4,0,0,997601,1
42149.860985,4,0,0,997699,1
42159.194371,4,0,0,997471,1
42159.882694,4,0,0,997488,1
42164.528044,4,0,0,997656,1
42164.591260,4,0,0,997650,1
42168.812402,4,0,0,997599,1
42172.518952,4,0,0,997464,1
42173.590835,4,0,0,997409,1
42175.318978,4,0,0,997391,1
42179.786192,4,0,0,997466,1
42185.415908,4,0,0,997360,1
42190.202396,4,0,0,997501,1
42191.360703,4,0,0,997561,1
42193.675819,4,0,0,997517,1
42194.208935,4,0,0,997485,1
42194.434447,4,0,0,997452,1
42196.435403,4,0,0,997435,1
42201.413220,4,0,0,997470,1
42206.413808,4,0,0,997499,1
42208.188777,4,0,0,997488,1
42209.054909,4,0,0,997425,1
42217.443866,4,0,0,997439,1
42230.780117,4,0,0,997425,1
42233.179860,4,0,0,997483,1
42239.846652,4,0,0,997514,1
42241.127758,4,0,0,997484,1
42242.051369,4,0,0,997566,1
42242.741847,4,0,0,997570,1
42243.271435,4,0,0,997489,1
42245.245072,4,0,0,997616,1
42245.533531,4,0,0,997642,1
42257.531142,4,0,0,997365,1
42257.795937,4,0,0,997345,1
42258.087549,4,0,0,997320,1
42259.416578,4,0,0,997206,1
42263.797129,4,0,0,997187,1
42266.520791,4,0,0,997176,1
42270.150853,4,0,0,997145,1
42277.846355,4,0,0,997268,1
42285.989680,4,0,0,997280,1
42295.482095,4,0,0,997002,1
42301.719884,4,0,0,997055,1
42302.229997,4,0,0,997068,1
42302.729166,4,0,0,997054,1
42306.216627,4,0,0,996999,1
42311.206807,4,0,0,997224,1
42321.613446,4,0,0,997566,1
42322.222909,4,0,0,997577,1
42326.928077,4,0,0,997589,1
42334.415271,4,0,0,997514,1
42342.580716,4,0,0,997526,1
42353.551678,4,0,0,997333,1
42355.742950,4,0,0,997443,1
42363.333443,4,0,0,997542,1
42364.493391,4,0,0,997482,1
42374.014302,4,0,0,997529,1
42393.106531,4,0,0,997495,1
42395.222330,4,0,0,997453,1
42406.762860,4,0,0,997328,1
42408.039351,4,0,0,997397,1
42413.661815,4,0,0,997340,1
42418.878295,4,0,0,997238,1
42423.937239,4,0,0,997263,1
42427.180626,4,0,0,997199,1
42430.790808,4,0,0,997291,1
42441.316324,4,0,0,997135,1
42441.953063,4,0,0,997138,1
42443.301596,4,0,0,997103,1
42443.326272,4,0,0,997106,1
42464.662250,4,0,0,997269,1
42469.100858,4,0,0,997386,1
42477.077965,4,0,0,997418,1
42477.278480,4,0,0,997386,1
42478.387543,4,0,0,997465,1
42486.019578,4,0,0,997374,1
42488.014948,4,0,0,997468,1
42493.771438,4,0,0,997533,1
42495.313873,4,0,0,997527,1
42496.280401,4,0,0,997560,1
42511.600457,4,0,0,997387,1
42518.595614,4,0,0,997378,1
42525.861275,4,0,0,997457,1
42526.686927,4,0,0,997507,1
42526.974462,4,0,0,997461,1
42527.720986,4,0,0,997502,1
42531.598597,4,0,0,997530,1
42532.625169,4,0,0,997520,1
42542.089082,4,0,0,997020,1
42544.893576,4,0,0,997005,1
42545.308408,4,0,0,996958,1
42571.162658,4,0,0,996828,1
42571.776714,4,0,0,996794,1
42573.956463,4,0,0,996631,1
42574.646134,4,0,0,996656,1
42577.112109,4,0,0,996622,1
42578.482121,4,0,0,996691,1
42578.700433,4,0,0,996674,1
42584.173733,4,0,0,996436,1
42613.028467,4,0,0,996327,1
42613.672276,4,0,0,996364,1
42615.603949,4,0,0,996453,1
42619.573866,4,0,0,996655,1
42620.883377,4,0,0,996658,1
42622.232757,4,0,0,996660,1
42622.995407,4,0,0,996575,1
42627.364682,4,0,0,996725,1
42628.144689,4,0,0,996768,1
42629.554463,4,0,0,996767,1
42632.632368,4,0,0,996878,1
42636.412527,4,0,0,996718,1
42637.469705,4,0,0,996731,1
42643.558283,4,0,0,996631,1
42645.671174,4,0,0,996727,1
42646.849028,4,0,0,996750,1
42648.460938,4,0,0,996765,1
42652.703514,4,0,0,996804,1
42655.662790,4,0,0,996708,1
42657.913390,4,0,0,996654,1
42661.946435,4,0,0,996554,1
42666.358109,4,0,0,996682,1
42667.834524,4,0,0,996750,1
42683.196037,4,0,0,996790,1
42683.706923,4,0,0,996776,1
42684.786730,4,0,0,996812,1
42685.574128,4,0,0,996766,1
42685.716542,4,0,0,996766,1
42687.183327,4,0,0,996765,1
42688.103462,4,0,0,996736,1
42688.308879,4,0,0,996735,1
42689.052983,4,0,0,996738,1
42698.734104,4,0,0,996977,1
42705.425216,4,0,0,996717,1
42708.059213,4,0,0,996703,1
42716.847443,4,0,0,996713,1
42718.639240,4,0,0,996641,1
42722.989901,4,0,0,996649,1
42726.261712,4,0,0,996615,1
42729.448553,4,0,0,996427,1
42729.750828,4,0,0,996462,1
42758.490130,4,0,0,996434,1
42759.475181,4,0,0,996401,1
42761.039689,4,0,0,996395,1
42766.120745,4,0,0,996556,1
42766.230106,4,0,0,996533,1
42767.980514,4,0,0,996585,1
42770.187000,4,0,0,996583,1
42774.802878,4,0,0,996605,1
42775.190276,4,0,0,996592,1
42775.707521,4,0,0,996595,1
42779.275629,4,0,0,996564,1
42787.384348,4,0,0,996690,1
42789.039985,4,0,0,996693,1
42792.614270,4,0,0,996603,1
42795.926244,4,0,0,996700,1
42802.944829,4,0,0,996644,1
42824.995973,4,0,0,996632,1
42825.662302,4,0,0,996602,1
42828.494735,4,0,0,996538,1
42833.645762,4,0,0,996534,1
42840.807895,4,0,0,996514,1
42851.706517,4,0,0,996643,1
42858.037984,4,0,0,996659,1
42861.113459,4,0,0,996533,1
42871.804414,4,0,0,996647,1
42884.122617,4,0,0,996609,1
42884.888182,4,0,0,996589,1
42885.448567,4,0,0,996606,1
42887.991324,4,0,0,996441,1
42891.931965,4,0,0,996660,1
42905.133491,4,0,0,996583,1
42915.810488,4,0,0,996429,1
42921.222696,4,0,0,996345,1
42921.516079,4,0,0,996351,1
42922.455680,4,0,0,996321,1
42922.787712,4,0,0,996377,1
42923.260108,4,0,0,996320,1
42925.765268,4,0,0,996269,1
42930.067085,4,0,0,996241,1
42930.995875,4,0,0,996260,1
42935.274463,4,0,0,996426,1
42952.950186,4,0,0,996645,1
42955.489820,4,0,0,996796,1
42967.763351,4,0,0,996791,1
42967.858558,4,0,0,996791,1
42973.421152,4,0,0,996914,1
42974.677999,4,0,0,996897,1
42974.798818,4,0,0,996861,1
42979.862416,4,0,0,996595,1
42987.856187,4,0,0,996722,1
42990.195481,4,0,0,996787,1
42995.611769,4,0,0,996791,1
42996.086069,4,0,0,996754,1
43006.249383,4,0,0,996510,1
43006.726934,4,0,0,996516,1
43007.642412,4,0,0,996415,1
43010.174843,4,0,0,996359,1
43010.922216,4,0,0,996334,1
43015.976317,4,0,0,996502,1
43018.446495,4,0,0,996516,1
43022.515568,4,0,0,996539,1
43024.302324,4,0,0,996604,1
43031.209750,4,0,0,996515,1
43036.219843,4,0,0,996622,1
43036.688229,4,0,0,996615,1
43057.041123,4,0,0,996577,1
43060.712660,4,0,0,996664,1
43063.022550,4,0,0,996696,1
43066.804765,4,0,0,996680,1
43067.346144,4,0,0,996721,1
43069.322385,4,0,0,996741,1
43072.198814,4,0,0,996694,1
43075.721379,4,0,0,996791,1
43080.645133,4,0,0,996691,1
43082.665120,4,0,0,996844,1
43082.667452,4,0,0,996844,1
43084.341812,4,0,0,996844,1
43088.213953,4,0,0,996723,1
43094.863160,4,0,0,996755,1
43097.586304,4,0,0,996784,1
43114.875602,4,0,0,996639,1
43117.044593,4,0,0,996638,1
43118.906625,4,0,0,996602,1
43120.425261,4,0,0,996618,1
43137.171079,4,0,0,996709,1
43146.649164,4,0,0,996811,1
43146.727843,4,0,0,996804,1
43149.621327,4,0,0,996726,1
43152.866494,4,0,0,996674,1
43153.225262,4,0,0,996666,1
43158.967500,4,0,0,996679,1
43161.102016,4,0,0,996679,1
43171.237385,4,0,0,996882,1
43173.316712,4,0,0,996763,1
43173.478663,4,0,0,996803,1
43176.604918,4,0,0,996892,1
43179.080748,4,0,0,996966,1
43179.189851,4,0,0,996958,1
43179.877531,4,0,0,996833,1
43189.711046,4,0,0,996650,1
43203.547229,4,0,0,996711,1
43205.299961,4,0,0,996816,1
43205.360389,4,0,0,996829,1
43209.470817,4,0,0,996853,1
43212.299366,4,0,0,996936,1
43223.316977,4,0,0,997019,1
43239.626118,4,0,0,997025,1
43241.400062,4,0,0,997031,1
43251.460523,4,0,0,996898,1
43258.897089,4,0,0,996771,1
43262.769462,4,0,0,996865,1
43265.278385,4,0,0,996854,1
43267.331533,4,0,0,996907,1
43275.254615,4,0,0,996827,1
43277.310990,4,0,0,996873,1
43280.186800,4,0,0,996859,1
43280.643660,4,0,0,996796,1
43286.092781,4,0,0,996800,1
43287.594301,4,0,0,996757,1
43289.091094,4,0,0,996822,1
43296.813933,4,0,0,996942,1
43299.067338,4,0,0,996880,1
43304.224556,4,0,0,996874,1
43306.947283,4,0,0,996833,1
43309.531442,4,0,0,996943,1
43311.639193,4,0,0,996973,1
43313.379046,4,0,0,996966,1
43316.409899,4,0,0,996873,1
43327.735780,4,0,0,996532,1
43328.757805,4,0,0,996637,1
43334.615696,4,0,0,996679,1
43334.693327,4,0,0,996668,1
43335.631839,4,0,0,996749,1
43345.702836,4,0,0,996817,1
43349.838225,4,0,0,996850,1
43354.385984,4,0,0,996918,1
43355.359141,4,0,0,996942,1
43358.835283,4,0,0,997133,1
43361.920671,4,0,0,997258,1
43372.429618,4,0,0,997141,1
43374.032959,4,0,0,997222,1
43374.686522,4,0,0,997185,1
43376.105940,4,0,0,997207,1
43379.343837,4,0,0,997261,1
43385.388060,4,0,0,997140,1
43385.910659,4,0,0,997097,1
43387.265360,4,0,0,997089,1
43387.970306,4,0,0,997088,1
43396.755905,4,0,0,997356,1
43400.964802,4,0,0,997302,1
43403.977199,4,0,0,997330,1
43420.139581,4,0,0,997828,1
43422.534758,4,0,0,997875,1
43424.110841,4,0,0,997775,1
43429.551291,4,0,0,997607,1
43437.734573,4,0,0,997589,1
43447.126013,4,0,0,997428,1
43451.780666,4,0,0,997419,1
43471.450842,4,0,0,997473,1
43474.610032,4,0,0,997436,1
43478.972161,4,0,0,997433,1
43482.631653,4,0,0,997341,1
43486.297395,4,0,0,997353,1
43494.066846,4,0,0,997121,1
43510.377915,4,0,0,997164,1
43514.868729,4,0,0,997116,1
43517.643880,4,0,0,997046,1
43528.182576,4,0,0,997016,1
43530.814911,4,0,0,996946,1
43537.093423,4,0,0,997193,1
43537.633294,4,0,0,997188,1
43538.629099,4,0,0,997209,1
43542.768009,4,0,0,997046,1
43549.008554,4,0,0,997275,1
43549.139802,4,0,0,997254,1
43556.941928,4,0,0,997432,1
43561.678154,4,0,0,997197,1
43566.759767,4,0,0,997329,1
43567.167064,4,0,0,997322,1
43569.092274,4,0,0,997299,1
43572.384616,4,0,0,997293,1
43574.456923,4,0,0,997284,1
43583.526701,4,0,0,997348,1
43584.984696,4,0,0,997408,1
43589.205445,4,0,0,997579,1
43592.477371,4,0,0,997524,1
43592.491790,4,0,0,997524,1
43596.487354,4,0,0,997463,1
43597.632547,4,0,0,997469,1
43616.820773,4,0,0,997477,1
43623.661136,4,0,0,997618,1
43624.064193,4,0,0,997573,1
43625.352878,4,0,0,997580,1
43629.836533,4,0,0,997567,1
43630.710070,4,0,0,997610,1
43633.646666,4,0,0,997552,1
43641.699013,4,0,0,997472,1
43641.861455,4,0,0,997483,1
43644.435881,4,0,0,997526,1
43645.405284,4,0,0,997557,1
43647.550721,4,0,0,997564,1
43652.118100,4,0,0,997572,1
43655.767986,4,0,0,997590,1
43661.182109,4,0,0,997636,1
43670.213207,4,0,0,997589,1
43670.611000,4,0,0,997620,1
43670.850757,4,0,0,997637,1
43677.100683,4,0,0,997748,1
43678.479672,4,0,0,997762,1
43691.741050,4,0,0,997380,1
43700.562862,4,0,0,997320,1
43709.871410,4,0,0,997516,1
43712.339879,4,0,0,997475,1
43722.274202,4,0,0,997351,1
43730.652586,4,0,0,997323,1
43737.291350,4,0,0,997294,1
43737.722727,4,0,0,997229,1
43739.373452,4,0,0,997298,1
43740.193777,4,0,0,997246,1
43742.683105,4,0,0,997134,1
43743.322786,4,0,0,997210,1
43745.059793,4,0,0,997144,1
43747.633862,4,0,0,997147,1
43754.541260,4,0,0,997230,1
43756.908355,4,0,0,997062,1
43757.159428,4,0,0,997042,1
43757.952545,4,0,0,996996,1
43758.254398,4,0,0,996950,1
43760.186652,4,0,0,996998,1
43762.201465,4,0,0,997016,1
43763.390581,4,0,0,996975,1
43770.388086,4,0,0,996924,1
43771.852757,4,0,0,996873,1
43773.454058,4,0,0,996967,1
43774.682059,4,0,0,997010,1
43780.007417,4,0,0,997109,1
43785.413918,4,0,0,997129,1
43785.900442,4,0,0,997147,1
43788.283579,4,0,0,997168,1
43791.376232,4,0,0,997054,1
43801.115995,4,0,0,997235,1
43803.996679,4,0,0,997265,1
43806.029584,4,0,0,997314,1
43814.175666,4,0,0,997194,1
43823.219644,4,0,0,996897,1
43824.630288,4,0,0,996838,1
43827.067181,4,0,0,996891,1
43832.239797,4,0,0,997161,1
43834.176706,4,0,0,997070,1
43834.595541,4,0,0,997039,1
43834.922100,4,0,0,997047,1
43836.863528,4,0,0,996972,1
43839.699106,4,0,0,997148,1
43845.718459,4,0,0,997194,1
43848.234253,4,0,0,997123,1
43853.539024,4,0,0,997004,1
43855.028866,4,0,0,997082,1
43860.117634,4,0,0,997367,1
43860.192528,4,0,0,997361,1
43876.564892,4,0,0,997415,1
43877.637920,4,0,0,997458,1
43887.530911,4,0,0,997642,1
43895.511609,4,0,0,997539,1
43900.769986,4,0,0,997500,1
43901.748958,4,0,0,997457,1
43904.905418,4,0,0,997490,1
43905.711764,4,0,0,997490,1
43913.591683,4,0,0,997569,1
43923.831818,4,0,0,997674,1
43932.714810,4,0,0,997920,1
43933.288420,4,0,0,997877,1
43943.822226,4,0,0,997700,1
43946.681750,4,0,0,997660,1
43948.851298,4,0,0,997751,1
43952.962265,4,0,0,997674,1
43962.989517,4,0,0,997815,1
43964.017291,4,0,0,997861,1
43969.885766,4,0,0,997857,1
43978.900105,4,0,0,997754,1
43979.775800,4,0,0,997723,1
43980.436055,4,0,0,997685,1
43981.605219,4,0,0,997673,1
43982.606226,4,0,0,997715,1
43985.918583,4,0,0,997594,1
43996.939643,4,0,0,997574,1
43997.664097,4,0,0,997548,1
44001.315932,4,0,0,997323,1
44010.189336,4,0,0,997238,1
44014.898022,4,0,0,997324,1
44018.678413,4,0,0,997312,1
44022.941106,4,0,0,997285,1
44028.009896,4,0,0,997270,1
44032.697840,4,0,0,997270,1
44034.141342,4,0,0,997383,1
44035.717339,4,0,0,997427,1
44040.173094,4,0,0,997442,1
44046.752245,4,0,0,997369,1
44046.916271,4,0,0,997380,1
44047.002085,4,0,0,997371,1
44057.426285,4,0,0,997496,1
44063.240566,4,0,0,997393,1
44075.541330,4,0,0,997047,1
44078.162783,4,0,0,997052,1
44079.081955,4,0,0,997091,1
44088.495152,4,0,0,996997,1
44097.320117,4,0,0,996888,1
44098.835673,4,0,0,996900,1
44104.526482,4,0,0,997006,1
44105.105937,4,0,0,996988,1
44113.150125,4,0,0,997012,1
44117.275425,4,0,0,996987,1
44132.279219,4,0,0,996889,1
44135.848315,4,0,0,997036,1
44140.711910,4,0,0,997065,1
44154.920712,4,0,0,997203,1
44155.374865,4,0,0,997178,1
44158.679971,4,0,0,997032,1
44160.577544,4,0,0,997020,1
44163.107605,4,0,0,997146,1
44177.478423,4,0,0,997247,1
44185.376186,4,0,0,997370,1
44195.851229,4,0,0,997263,1
44200.436535,4,0,0,997181,1
44200.905554,4,0,0,997163,1
44202.533644,4,0,0,997194,1
44204.108367,4,0,0,997326,1
44205.223204,4,0,0,997308,1
44207.584666,4,0,0,997172,1
44220.457393,4,0,0,997156,1
44222.217114,4,0,0,997078,1
44224.843985,4,0,0,997115,1
44225.394413,4,0,0,997156,1
44231.200888,4,0,0,997250,1
44237.925260,4,0,0,997044,1
44238.769625,4,0,0,997013,1
44243.877174,4,0,0,996903,1
44248.937640,4,0,0,996903,1
44263.433721,4,0,0,997033,1
44267.871098,4,0,0,996908,1
44273.554378,4,0,0,997287,1
44274.362077,4,0,0,997212,1
44277.465027,4,0,0,997294,1
44280.625520,4,0,0,997270,1
44287.257216,4,0,0,997225,1
44289.864894,4,0,0,997174,1
44291.522412,4,0,0,997134,1
44296.514062,4,0,0,997244,1
44299.683702,4,0,0,997204,1
44300.596899,4,0,0,997231,1
44304.215726,4,0,0,997178,1
44315.052272,4,0,0,997194,1
44317.835545,4,0,0,997345,1
44321.403279,4,0,0,997252,1
44324.919077,4,0,0,997494,1
44325.352750,4,0,0,997536,1
44330.486793,4,0,0,997434,1
44342.874478,4,0,0,997307,1
44347.810611,4,0,0,997229,1
44358.238617,4,0,0,997271,1
44364.344174,4,0,0,997412,1
44368.942764,4,0,0,997402,1
44370.851548,4,0,0,997416,1
44375.541101,4,0,0,997255,1
44377.809156,4,0,0,997348,1
44410.218448,4,0,0,997507,1
44416.079339,4,0,0,997445,1
44417.108597,4,0,0,997378,1
44420.076341,4,0,0,997442,1
44428.746037,4,0,0,997499,1
44442.196644,4,0,0,997446,1
44443.869335,4,0,0,997489,1
44449.732826,4,0,0,997623,1
44458.022591,4,0,0,997503,1
44458.866324,4,0,0,997435,1
44459.593830,4,0,0,997462,1
44459.700269,4,0,0,997476,1
44464.041885,4,0,0,997498,1
44470.186701,4,0,0,997587,1
44470.296831,4,0,0,997595,1
44478.383484,4,0,0,997491,1
44488.505080,4,0,0,997526,1
44490.392302,4,0,0,997556,1
44490.512140,4,0,0,997566,1
44494.529755,4,0,0,997546,1
44501.707480,4,0,0,997615,1
44509.204942,4,0,0,997695,1
44509.897119,4,0,0,997665,1
44522.920191,4,0,0,997661,1
44533.690380,4,0,0,997832,1
44535.015959,4,0,0,997818,1
44540.479281,4,0,0,997936,1
44543.404630,4,0,0,997895,1
44545.798687,4,0,0,997783,1
44547.395841,4,0,0,997809,1
44547.441517,4,0,0,997803,1
44552.192173,4,0,0,997926,1
44557.523705,4,0,0,997957,1
44577.335011,4,0,0,998059,1
44581.047205,4,0,0,998235,1
44583.855591,4,0,0,998251,1
44587.307064,4,0,0,998240,1
44598.627340,4,0,0,998472,1
44607.810192,4,0,0,998408,1
44610.207665,4,0,0,998335,1
44616.446243,4,0,0,998240,1
44617.708857,4,0,0,998236,1
44620.936555,4,0,0,998176,1
44623.699806,4,0,0,998090,1
44632.931262,4,0,0,998062,1
44645.500605,4,0,0,998316,1
44652.506820,4,0,0,998089,1
44662.185962,4,0,0,998100,1
44667.240698,4,0,0,998236,1
44670.745753,4,0,0,998182,1
44679.082184,4,0,0,998099,1
44681.687773,4,0,0,998158,1
44685.774430,4,0,0,997986,1
44687.021715,4,0,0,998080,1
44689.683719,4,0,0,998106,1
44696.174434,4,0,0,998123,1
44697.380207,4,0,0,998188,1
44699.863140,4,0,0,998232,1
44702.344176,4,0,0,998198,1
44703.069322,4,0,0,998244,1
44704.271884,4,0,0,998263,1
44710.558071,4,0,0,998142,1
44715.655308,4,0,0,998271,1
44721.103446,4,0,0,998470,1
44722.054973,4,0,0,998442,1
44723.732528,4,0,0,998497,1
44724.211801,4,0,0,998521,1
44736.060305,4,0,0,998406,1
44738.929481,4,0,0,998335,1
44739.986901,4,0,0,998303,1
44747.904950,4,0,0,998236,1
44757.424787,4,0,0,998175,1
44758.403108,4,0,0,998203,1
44761.383991,4,0,0,998109,1
44763.132594,4,0,0,998127,1
44778.365364,4,0,0,998272,1
44783.237807,4,0,0,998264,1
44794.337929,4,0,0,998109,1
44800.323491,4,0,0,997911,1
44803.043245,4,0,0,997864,1
44805.125152,4,0,0,997766,1
44808.506752,4,0,0,997742,1
44812.659592,4,0,0,997747,1
44817.724187,4,0,0,997877,1
44820.128021,4,0,0,997856,1
44821.798105,4,0,0,997847,1
44838.511197,4,0,0,997939,1
44844.442533,4,0,0,997856,1
44845.381162,4,0,0,997807,1
44845.865752,4,0,0,997809,1
44848.001456,4,0,0,997909,1
44850.731795,4,0,0,998077,1
44851.760656,4,0,0,998168,1
44852.327100,4,0,0,998164,1
44853.828740,4,0,0,998187,1
44888.932858,4,0,0,998022,1
44890.126737,4,0,0,998025,1
44910.732311,4,0,0,998410,1
44920.670480,4,0,0,998440,1
44922.866342,4,0,0,998538,1
44924.406983,4,0,0,998601,1
44927.842519,4,0,0,998556,1
44935.352568,4,0,0,998373,1
44944.697578,4,0,0,998448,1
44945.398626,4,0,0,998474,1
44946.768074,4,0,0,998380,1
44950.492564,4,0,0,998470,1
44954.192012,4,0,0,998292,1
44959.891134,4,0,0,998282,1
44973.845894,4,0,0,998539,1
44978.162855,4,0,0,998474,1
44978.379804,4,0,0,998479,1
44983.610673,4,0,0,998655,1
44985.854295,4,0,0,998506,1
44987.132548,4,0,0,998560,1
44992.531060,4,0,0,998614,1
44994.539540,4,0,0,998661,1
45009.737333,4,0,0,998353,1
45010.691175,4,0,0,998374,1
45012.053034,4,0,0,998272,1
45014.395728,4,0,0,998226,1
45022.124677,4,0,0,998101,1
45028.453754,4,0,0,998323,1
45028.545254,4,0,0,998324,1
45033.005434,4,0,0,998310,1
45033.551378,4,0,0,998266,1
45040.841260,4,0,0,998362,1
45042.529967,4,0,0,998348,1
45058.076174,4,0,0,998791,1
45067.314488,4,0,0,998729,1
45068.786413,4,0,0,998726,1
45072.496123,4,0,0,998734,1
45073.012407,4,0,0,998770,1
45079.864471,4,0,0,998953,1
45080.680072,4,0,0,998981,1
45081.832859,4,0,0,999054,1
45107.583178,4,0,0,998933,1
45108.638363,4,0,0,998986,1
45122.652331,4,0,0,998987,1
45129.608076,4,0,0,998980,1
45134.934585,4,0,0,998973,1
45134.997100,4,0,0,998984,1
45136.389596,4,0,0,998954,1
45137.485210,4,0,0,998961,1
45141.317801,4,0,0,999039,1
45143.767226,4,0,0,999001,1
45150.101685,4,0,0,998898,1
45154.645018,4,0,0,998871,1
45161.685148,4,0,0,999156,1
45161.894074,4,0,0,999127,1
45161.919750,4,0,0,999141,1
45175.311624,4,0,0,998950,1
45178.115105,4,0,0,999038,1
45181.246900,4,0,0,999099,1
45181.663687,4,0,0,999103,1
45187.110613,4,0,0,999178,1
45206.522733,4,0,0,999001,1
45214.071706,4,0,0,999202,1
45219.250000,4,0,0,999211,1
45223.539298,4,0,0,999084,1
45225.472375,4,0,0,999164,1
45234.755379,4,0,0,999233,1
45235.166920,4,0,0,999206,1
45236.520743,4,0,0,999198,1
45248.163806,4,0,0,998940,1
45248.834737,4,0,0,998934,1
45249.367879,4,0,0,998931,1
45252.662297,4,0,0,998947,1
45255.636539,4,0,0,999050,1
45258.158862,4,0,0,998993,1
45259.450091,4,0,0,998988,1
45260.209982,4,0,0,998926,1
45260.920155,4,0,0,998978,1
45263.250109,4,0,0,998962,1
45266.151683,4,0,0,999126,1
45267.502624,4,0,0,999099,1
45276.744166,4,0,0,999138,1
45278.712635,4,0,0,999182,1
45285.638754,4,0,0,999241,1
45288.637959,4,0,0,999218,1
45290.573763,4,0,0,999193,1
45296.637413,4,0,0,999220,1
45301.727592,4,0,0,999221,1
45305.085210,4,0,0,999363,1
45310.520396,4,0,0,999160,1
45310.950645,4,0,0,999114,1
45328.141976,4,0,0,998922,1
45329.894308,4,0,0,998896,1
45333.256091,4,0,0,998817,1
45338.037304,4,0,0,998732,1
45343.722799,4,0,0,998553,1
45352.325256,4,0,0,998552,1
45355.621685,4,0,0,998695,1
45359.322915,4,0,0,998663,1
45360.709756,4,0,0,998626,1
45367.037379,4,0,0,998524,1
45369.147097,4,0,0,998541,1
45375.565164,4,0,0,998361,1
45386.806729,4,0,0,998280,1
45388.021848,4,0,0,998269,1
45400.079342,4,0,0,998388,1
45400.944249,4,0,0,998387,1
45405.490751,4,0,0,998464,1
45406.674259,4,0,0,998499,1
45408.377396,4,0,0,998508,1
45413.690109,4,0,0,998460,1
45419.210697,4,0,0,998406,1
45419.630164,4,0,0,998365,1
45425.880582,4,0,0,998364,1
45427.041147,4,0,0,998361,1
45432.618085,4,0,0,998426,1
45434.042278,4,0,0,998439,1
45447.269792,4,0,0,998578,1
45450.289110,4,0,0,998566,1
45450.513643,4,0,0,998579,1
45463.896104,4,0,0,998883,1
45464.345469,4,0,0,998916,1
45471.436946,4,0,0,999100,1
45474.892631,4,0,0,999073,1
45478.062590,4,0,0,999073,1
45479.897941,4,0,0,999094,1
45492.092682,4,0,0,999012,1
45507.336409,4,0,0,999022,1
45507.991293,4,0,0,999048,1
45511.569922,4,0,0,999003,1
45511.909986,4,0,0,998931,1
45512.504742,4,0,0,998954,1
45512.646934,4,0,0,998967,1
45517.090909,4,0,0,998989,1
45524.554185,4,0,0,999106,1
45524.732612,4,0,0,999083,1
45528.621392,4,0,0,999048,1
45531.108049,4,0,0,998997,1
45531.396371,4,0,0,998972,1
45534.089996,4,0,0,998963,1
45541.752014,4,0,0,998918,1
45544.886432,4,0,0,999017,1
45549.627440,4,0,0,998700,1
45551.125060,4,0,0,998690,1
45573.493711,4,0,0,998964,1
45576.259158,4,0,0,998999,1
45580.549156,4,0,0,998995,1
45580.696351,4,0,0,998971,1
45590.666333,4,0,0,999044,1
45592.822867,4,0,0,999118,1
45593.332269,4,0,0,999152,1
45596.864616,4,0,0,999013,1
45598.774123,4,0,0,998953,1
45598.789103,4,0,0,998945,1
45600.995473,4,0,0,999139,1
45609.590334,4,0,0,999055,1
45609.898263,4,0,0,999055,1
45612.979530,4,0,0,999117,1
45616.123153,4,0,0,999037,1
45616.459924,4,0,0,999043,1
45628.496831,4,0,0,998754,1
45631.133520,4,0,0,998630,1
45632.233092,4,0,0,998639,1
45635.818229,4,0,0,998869,1
45638.082482,4,0,0,998765,1
45650.097425,4,0,0,998844,1
45658.416141,4,0,0,999057,1
45658.642816,4,0,0,999062,1
45666.813296,4,0,0,999097,1
45667.773928,4,0,0,999120,1
45678.246359,4,0,0,998943,1
45678.864185,4,0,0,998941,1
45679.235271,4,0,0,998957,1
45679.888217,4,0,0,998942,1
45683.567101,4,0,0,998956,1
45686.560696,4,0,0,998885,1
45687.329540,4,0,0,998817,1
45689.354435,4,0,0,998764,1
45694.001646,4,0,0,998756,1
45694.412371,4,0,0,998752,1
45710.185865,4,0,0,998923,1
45710.302206,4,0,0,998931,1
45733.869339,4,0,0,998689,1
45740.435700,4,0,0,998775,1
45745.742869,4,0,0,998772,1
45748.566429,4,0,0,998854,1
45751.157157,4,0,0,998861,1
45752.792402,4,0,0,998810,1
45763.295698,4,0,0,998812,1
45764.563209,4,0,0,998801,1
45769.056389,4,0,0,998906,1
45774.315340,4,0,0,998951,1
45777.613730,4,0,0,999037,1
45783.402276,4,0,0,999037,1
45793.484246,4,0,0,999213,1
45796.832322,4,0,0,999251,1
45798.788291,4,0,0,999254,1
45801.888669,4,0,0,999163,1
45802.421713,4,0,0,999139,1
45802.453177,4,0,0,999136,1
45806.130746,4,0,0,998991,1
45808.612599,4,0,0,999074,1
45812.106551,4,0,0,998990,1
45823.947715,4,0,0,998898,1
45825.835192,4,0,0,998916,1
45828.110454,4,0,0,998992,1
45830.090475,4,0,0,998986,1
45833.527438,4,0,0,998974,1
45834.838065,4,0,0,998928,1
45835.831210,4,0,0,998980,1
45839.500451,4,0,0,999025,1
45846.759134,4,0,0,999088,1
45856.794774,4,0,0,999418,1
45861.011261,4,0,0,999477,1
45868.462124,4,0,0,999571,1
45870.147733,4,0,0,999531,1
45871.145120,4,0,0,999476,1
45871.750256,4,0,0,999495,1
45876.918648,4,0,0,999461,1
45886.082720,4,0,0,999379,1
45895.374086,4,0,0,999433,1
45898.239161,4,0,0,999374,1
45898.694832,4,0,0,999410,1
45899.221070,4,0,0,999420,1
45899.716285,4,0,0,999381,1
45905.687598,4,0,0,999261,1
45907.359996,4,0,0,999185,1
45913.775620,4,0,0,998933,1
45916.993828,4,0,0,998891,1
45922.080097,4,0,0,998909,1
45936.638294,4,0,0,999126,1
45946.772741,4,0,0,999036,1
45947.576821,4,0,0,998999,1
45950.905007,4,0,0,998890,1
45950.922745,4,0,0,998900,1
45955.897564,4,0,0,998966,1
45966.312953,4,0,0,999015,1
45973.494604,4,0,0,999141,1
45976.755992,4,0,0,999085,1
45977.022518,4,0,0,999110,1
45982.848948,4,0,0,999015,1
45983.302347,4,0,0,999005,1
45992.357280,4,0,0,998786,1
45998.752266,4,0,0,998842,1
45999.555615,4,0,0,998752,1
46001.458097,4,0,0,998763,1
46013.779022,4,0,0,998583,1
46013.859384,4,0,0,998590,1
46015.591186,4,0,0,998645,1
46016.052473,4,0,0,998665,1
46019.599291,4,0,0,998752,1
46048.609322,4,0,0,998450,1
46050.805382,4,0,0,998490,1
46055.224158,4,0,0,998459,1
46055.711426,4,0,0,998467,1
46066.190152,4,0,0,998496,1
46070.160704,4,0,0,998420,1
46074.864540,4,0,0,998521,1
46076.739592,4,0,0,998525,1
46085.192741,4,0,0,998507,1
46088.377707,4,0,0,998365,1
46091.364219,4,0,0,998285,1
46098.018252,4,0,0,998172,1
46101.880974,4,0,0,998205,1
46106.045494,4,0,0,998041,1
46115.333569,4,0,0,998097,1
46120.640217,4,0,0,998233,1
46128.920176,4,0,0,997968,1
46140.675817,4,0,0,997871,1
46147.837987,4,0,0,997965,1
46161.292566,4,0,0,998043,1
46162.347619,4,0,0,998046,1
46163.681069,4,0,0,998003,1
46165.196378,4,0,0,998010,1
46168.054717,4,0,0,997969,1
46178.696868,4,0,0,997964,1
46178.729794,4,0,0,996927,1
46180.142427,4,0,0,996920,1
46188.470685,4,0,0,997194,1
46190.900566,4,0,0,997156,1
46204.056554,4,0,0,996914,1
46207.421277,4,0,0,997052,1
46209.078173,4,0,0,997154,1
46216.352228,4,0,0,997078,1
46218.183914,4,0,0,997022,1
46219.649484,4,0,0,997127,1
46226.358986,4,0,0,997065,1
46226.504934,4,0,0,997077,1
46229.527419,4,0,0,997092,1
46233.746281,4,0,0,996940,1
46241.079637,4,0,0,996886,1
46241.709355,4,0,0,996788,1
46244.721485,4,0,0,996647,1
46245.968229,4,0,0,996771,1
46259.623766,4,0,0,996586,1
46263.376126,4,0,0,996466,1
46266.301694,4,0,0,996463,1
46266.931531,4,0,0,996495,1
46272.175014,4,0,0,996652,1
46276.103710,4,0,0,996657,1
46282.309560,4,0,0,996776,1
46292.761126,4,0,0,997044,1
46298.516468,4,0,0,997053,1
46303.638645,4,0,0,997073,1
46307.321286,4,0,0,997094,1
46309.651177,4,0,0,997162,1
46316.058257,4,0,0,997037,1
46328.178274,4,0,0,996926,1
46328.734714,4,0,0,996839,1
46330.762952,4,0,0,996903,1
46336.829192,4,0,0,996974,1
46346.618380,4,0,0,997159,1
46352.914586,4,0,0,997417,1
46354.497878,4,0,0,997422,1
46356.346511,4,0,0,997300,1
46359.696227,4,0,0,997428,1
46359.707720,4,0,0,997438,1
46362.538773,4,0,0,997415,1
46368.204322,4,0,0,997591,1
46372.543797,4,0,0,997384,1
46375.983412,4,0,0,997468,1
46377.524236,4,0,0,997516,1
46381.794717,4,0,0,997416,1
46384.943785,4,0,0,997546,1
46385.984415,4,0,0,997503,1
46389.100572,4,0,0,997451,1
46389.679506,4,0,0,997436,1
46390.332721,4,0,0,997424,1
46397.747980,4,0,0,997417,1
46398.245715,4,0,0,997459,1
46401.557069,4,0,0,997451,1
46402.901140,4,0,0,997413,1
46406.441744,4,0,0,997368,1
46406.915411,4,0,0,997343,1
46413.314134,4,0,0,997467,1
46415.938790,4,0,0,997470,1
46416.380281,4,0,0,997458,1
46421.295753,4,0,0,997551,1
46424.066301,4,0,0,997698,1
46438.310388,4,0,0,997640,1
46440.366109,4,0,0,997739,1
46444.585513,4,0,0,997686,1
46447.242320,4,0,0,997741,1
46452.680092,4,0,0,997763,1
46454.705787,4,0,0,997818,1
46455.372533,4,0,0,997773,1
46468.732488,4,0,0,997467,1
46468.966754,4,0,0,997452,1
46469.809288,4,0,0,997419,1
46473.677695,4,0,0,997490,1
46476.135619,4,0,0,997590,1
46476.554394,4,0,0,997536,1
46477.967884,4,0,0,997427,1
46478.092064,4,0,0,997419,1
46480.129331,4,0,0,997417,1
46488.744946,4,0,0,997419,1
46493.776751,4,0,0,997523,1
46503.546415,4,0,0,997440,1
46503.903107,4,0,0,997462,1
46506.573346,4,0,0,997476,1
46512.526797,4,0,0,997598,1
46512.767162,4,0,0,997592,1
46515.340197,4,0,0,997466,1
46523.647169,4,0,0,997410,1
46533.662506,4,0,0,997291,1
46535.544086,4,0,0,997361,1
46540.411122,4,0,0,997346,1
46541.630637,4,0,0,997381,1
46553.327618,4,0,0,997186,1
46554.992009,4,0,0,997113,1
46562.605398,4,0,0,996901,1
46570.765395,4,0,0,996835,1
46571.908120,4,0,0,996793,1
46580.053824,4,0,0,996424,1
46587.092665,4,0,0,996287,1
46596.031324,4,0,0,996282,1
46605.310930,4,0,0,996067,1
46617.490312,4,0,0,996059,1
46623.439666,4,0,0,995737,1
46633.271446,4,0,0,995634,1
46635.713347,4,0,0,995712,1
46642.896178,4,0,0,995650,1
46648.932325,4,0,0,995620,1
46650.835636,4,0,0,995748,1
46654.357022,4,0,0,995677,1
46662.067593,4,0,0,995543,1
46664.654137,4,0,0,995557,1
46665.481611,4,0,0,995466,1
46667.007584,4,0,0,995486,1
46688.540207,4,0,0,995403,1
46697.731244,4,0,0,995559,1
46698.349241,4,0,0,995576,1
46699.327008,4,0,0,995571,1
46703.316007,4,0,0,995566,1
46705.602702,4,0,0,995594,1
46706.673955,4,0,0,995471,1
46721.697473,4,0,0,995367,1
46723.613550,4,0,0,995379,1
46725.749922,4,0,0,995451,1
46735.658168,4,0,0,995344,1
46748.616277,4,0,0,995623,1
46751.298028,4,0,0,995726,1
46756.160595,4,0,0,995703,1
46770.140312,4,0,0,995505,1
46773.778420,4,0,0,995510,1
46776.681904,4,0,0,995539,1
46778.935172,4,0,0,995422,1
46780.892668,4,0,0,995430,1
46783.339161,4,0,0,995449,1
46788.411688,4,0,0,995422,1
46799.718922,4,0,0,995776,1
46801.492143,4,0,0,995756,1
46802.114013,4,0,0,995754,1
46808.024161,4,0,0,995835,1
46810.343481,4,0,0,995749,1
46817.245938,4,0,0,995921,1
46823.564060,4,0,0,995888,1
46836.535686,4,0,0,995793,1
46841.676521,4,0,0,995569,1
46842.643026,4,0,0,995585,1
46846.712841,4,0,0,995525,1
46851.115295,4,0,0,995468,1
46859.359397,4,0,0,995686,1
46860.532461,4,0,0,995591,1
46867.105254,4,0,0,995647,1
46869.799908,4,0,0,995621,1
46871.955989,4,0,0,995499,1
46876.348236,4,0,0,995457,1
46879.949347,4,0,0,995428,1
46881.973889,4,0,0,995552,1
46883.609765,4,0,0,995508,1
46884.035142,4,0,0,995512,1
46895.452285,4,0,0,995394,1
46895.614668,4,0,0,995407,1
46896.421852,4,0,0,995440,1
46897.155586,4,0,0,995440,1
46901.514762,4,0,0,995354,1
46905.119978,4,0,0,995252,1
46910.210762,4,0,0,995227,1
46910.755875,4,0,0,995113,1
46911.595429,4,0,0,995115,1
46913.026554,4,0,0,995175,1
46914.663356,4,0,0,995113,1
46918.561921,4,0,0,995196,1
46922.162906,4,0,0,995273,1
46929.763620,4,0,0,995182,1
46930.472336,4,0,0,995138,1
46936.882662,4,0,0,995268,1
46942.090069,4,0,0,995296,1
46943.968494,4,0,0,995273,1
46944.478769,4,0,0,995274,1
46955.086500,4,0,0,995077,1
46968.182512,4,0,0,995154,1
46973.432378,4,0,0,995058,1
46974.128427,4,0,0,995091,1
46988.981481,4,0,0,994805,1
46992.436146,4,0,0,994740,1
47001.953488,4,0,0,994798,1
47002.281076,4,0,0,994799,1
47011.228539,4,0,0,995078,1
47011.430275,4,0,0,995093,1
47017.129638,4,0,0,995172,1
47021.299587,4,0,0,995187,1
47023.080720,4,0,0,995184,1
47024.740288,4,0,0,995146,1
47032.456683,4,0,0,995087,1
47034.843287,4,0,0,995048,1
47035.144023,4,0,0,995044,1
47049.352375,4,0,0,994616,1
47056.594535,4,0,0,994494,1
47058.210638,4,0,0,994529,1
47061.571914,4,0,0,994588,1
47072.639320,4,0,0,994567,1
47073.917121,4,0,0,994549,1
47074.294883,4,0,0,994542,1
47075.407057,4,0,0,994542,1
47076.556899,4,0,0,994597,1
47079.089229,4,0,0,994578,1
47079.651157,4,0,0,994653,1
47079.786435,4,0,0,994632,1
47094.580409,4,0,0,994893,1
47096.100396,4,0,0,994888,1
47101.138678,4,0,0,994916,1
47101.353032,4,0,0,994905,1
47104.188187,4,0,0,994931,1
47107.256489,4,0,0,994925,1
47109.566550,4,0,0,994952,1
47124.423322,4,0,0,995067,1
47124.564699,4,0,0,995056,1
47133.997583,4,0,0,994938,1
47134.062273,4,0,0,994929,1
47136.924511,4,0,0,994866,1
47148.948907,4,0,0,994510,1
47149.806393,4,0,0,994593,1
47149.811233,4,0,0,994595,1
47151.433493,4,0,0,994648,1
47151.707614,4,0,0,994641,1
47157.524031,4,0,0,994799,1
47160.874113,4,0,0,994827,1
47165.275617,4,0,0,994861,1
47177.523695,4,0,0,994761,1
47185.479502,4,0,0,994579,1
47186.547741,4,0,0,994584,1
47194.304511,4,0,0,994543,1
47195.794401,4,0,0,994612,1
47197.822502,4,0,0,994547,1
47200.552895,4,0,0,994558,1
47212.587408,4,0,0,994552,1
47216.353791,4,0,0,994525,1
47217.339624,4,0,0,994619,1
47218.657300,4,0,0,994565,1
47229.270970,4,0,0,994648,1
47233.499142,4,0,0,994714,1
47239.107559,4,0,0,994662,1
47239.464107,4,0,0,994657,1
47239.854691,4,0,0,994684,1
47241.540844,4,0,0,994696,1
47245.334672,4,0,0,994744,1
47252.116892,4,0,0,994828,1
47268.126248,4,0,0,994923,1
47274.224590,4,0,0,994913,1
47287.552830,4,0,0,994888,1
47288.769557,4,0,0,994893,1
47290.102599,4,0,0,994915,1
47297.259165,4,0,0,994892,1
47300.335119,4,0,0,995025,1
47301.620726,4,0,0,995074,1
47305.790584,4,0,0,995044,1
47311.993666,4,0,0,994894,1
47313.159825,4,0,0,994922,1
47329.569600,4,0,0,994812,1
47331.246191,4,0,0,994712,1
47339.124980,4,0,0,994686,1
47340.577967,4,0,0,994711,1
47341.465266,4,0,0,994722,1
47346.455572,4,0,0,994475,1
47350.122784,4,0,0,994557,1
47351.683374,4,0,0,994527,1
47354.621370,4,0,0,994490,1
47355.363335,4,0,0,994516,1
47358.573212,4,0,0,994467,1
47366.682539,4,0,0,994529,1
47371.452142,4,0,0,994496,1
47373.117697,4,0,0,994518,1
47374.318928,4,0,0,993404,1
47377.591994,4,0,0,993349,1
47378.714756,4,0,0,993340,1
47380.369844,4,0,0,993373,1
47393.592640,4,0,0,993286,1
47397.020775,4,0,0,993281,1
47398.135008,4,0,0,993291,1
47398.193226,4,0,0,993305,1
47401.755457,4,0,0,993281,1
47404.981699,4,0,0,993369,1
47409.340427,4,0,0,993325,1
47411.248685,4,0,0,993332,1
47411.882264,4,0,0,993361,1
47412.952464,4,0,0,993311,1
47414.063939,4,0,0,993247,1
47415.142456,4,0,0,993327,1
47417.260181,4,0,0,993134,1
47426.088279,4,0,0,993005,1
47447.271483,4,0,0,993384,1
47452.954620,4,0,0,993456,1
47454.057579,4,0,0,993465,1
47462.103124,4,0,0,993530,1
47468.095591,4,0,0,993474,1
47471.579645,4,0,0,993428,1
47487.966654,4,0,0,993382,1
47488.046354,4,0,0,993361,1
47492.063471,4,0,0,993419,1
47495.143509,4,0,0,993506,1
47497.202998,4,0,0,993500,1
47503.389827,4,0,0,993530,1
47504.555493,4,0,0,993571,1
47505.724042,4,0,0,993628,1
47514.276745,4,0,0,993548,1
47518.495205,4,0,0,993588,1
47536.198269,4,0,0,993619,1
47538.417570,4,0,0,993757,1
47543.158620,4,0,0,993713,1
47545.222967,4,0,0,993765,1
47546.615735,4,0,0,993764,1
47555.556801,4,0,0,993850,1
47560.492896,4,0,0,993947,1
47561.919886,4,0,0,993919,1
47563.519418,4,0,0,993924,1
47575.503461,4,0,0,993956,1
47582.594856,4,0,0,993906,1
47587.813841,4,0,0,993959,1
47588.123504,4,0,0,993913,1
47589.090158,4,0,0,993877,1
47590.635789,4,0,0,993988,1
47592.910598,4,0,0,993964,1
47600.588225,4,0,0,993897,1
47606.855067,4,0,0,993965,1
47618.121878,4,0,0,993991,1
47622.891237,4,0,0,994118,1
47623.753755,4,0,0,994079,1
47630.375917,4,0,0,994090,1
47641.163983,4,0,0,994238,1
47647.712954,4,0,0,994154,1
47649.983012,4,0,0,994201,1
47663.188406,4,0,0,994064,1
47671.174451,4,0,0,993973,1
47678.324819,4,0,0,994003,1
47681.936121,4,0,0,994102,1
47682.234046,4,0,0,994080,1
47697.658101,4,0,0,994263,1
47699.203061,4,0,0,994282,1
47701.898662,4,0,0,994274,1
47711.180502,4,0,0,994281,1
47713.324345,4,0,0,994250,1
47721.814052,4,0,0,994536,1
47726.032960,4,0,0,994408,1
47727.246993,4,0,0,994297,1
47734.578602,4,0,0,994142,1
47736.640836,4,0,0,994136,1
47747.229622,4,0,0,994285,1
47753.375113,4,0,0,994420,1
47756.937663,4,0,0,994487,1
47762.732994,4,0,0,994464,1
47770.200738,4,0,0,994224,1
47773.381406,4,0,0,994240,1
47774.038206,4,0,0,994223,1
47776.172448,4,0,0,994218,1
47779.187457,4,0,0,994176,1
47779.475365,4,0,0,994124,1
47792.135158,4,0,0,994336,1
47792.432070,4,0,0,994311,1
47793.486159,4,0,0,994270,1
47795.275671,4,0,0,994244,1
47801.330767,4,0,0,994275,1
47816.130208,4,0,0,994410,1
47823.352482,4,0,0,994400,1
47826.474216,4,0,0,994346,1
47830.001204,4,0,0,994398,1
47831.357463,4,0,0,994374,1
47842.306202,4,0,0,994184,1
47857.347130,4,0,0,993819,1
47859.629369,4,0,0,993782,1
47866.997777,4,0,0,993790,1
47867.752530,4,0,0,993744,1
47868.248450,4,0,0,993739,1
47876.965613,4,0,0,993852,1
47878.550274,4,0,0,993757,1
47878.833019,4,0,0,993743,1
47885.535146,4,0,0,993710,1
47889.761148,4,0,0,993659,1
47892.332534,4,0,0,993652,1
47898.719853,4,0,0,993613,1
47910.634492,4,0,0,993726,1
47915.557410,4,0,0,993632,1
47922.878851,4,0,0,993501,1
47931.382120,4,0,0,993645,1
47933.685560,4,0,0,993706,1
47934.380015,4,0,0,993735,1
47939.403136,4,0,0,993778,1
47939.637205,4,0,0,993725,1
47940.681455,4,0,0,993677,1
47945.461046,4,0,0,993832,1
47949.718906,4,0,0,993982,1
47958.046568,4,0,0,994291,1
47959.750017,4,0,0,994245,1
47961.135060,4,0,0,994252,1
47969.264444,4,0,0,994138,1
47970.751908,4,0,0,994125,1
47971.724623,4,0,0,994079,1
47972.844896,4,0,0,994164,1
47973.527467,4,0,0,994157,1
47974.582515,4,0,0,994194,1
47979.909377,4,0,0,994326,1
47990.212420,4,0,0,994315,1
47995.080668,4,0,0,994233,1
47995.487288,4,0,0,994262,1
47998.739807,4,0,0,994343,1
48001.321827,4,0,0,994394,1
48002.761381,4,0,0,994391,1
48005.589472,4,0,0,994360,1
48006.567413,4,0,0,994324,1
48028.158842,4,0,0,994222,1
48038.142743,4,0,0,994465,1
48047.072651,4,0,0,994875,1
48050.639573,4,0,0,994884,1
48052.439519,4,0,0,994949,1
48052.658554,4,0,0,994938,1
48053.624558,4,0,0,995019,1
48060.799058,4,0,0,995152,1
48061.700530,4,0,0,995230,1
48075.962217,4,0,0,995670,1
48079.607570,4,0,0,995572,1
48080.185397,4,0,0,995558,1
48084.402914,4,0,0,995676,1
48088.310633,4,0,0,995898,1
48091.544320,4,0,0,996032,1
48097.652885,4,0,0,996215,1
48098.554097,4,0,0,996240,1
48106.868722,4,0,0,996439,1
48108.052535,4,0,0,996387,1
48108.433671,4,0,0,996381,1
48114.492798,4,0,0,996331,1
48117.900775,4,0,0,996224,1
48125.668887,4,0,0,996416,1
48129.629614,4,0,0,996534,1
48131.794673,4,0,0,996590,1
48140.369586,4,0,0,996626,1
48145.126312,4,0,0,996696,1
48146.308460,4,0,0,996729,1
48147.839600,4,0,0,996710,1
48152.129289,4,0,0,996669,1
48154.159440,4,0,0,996625,1
48158.356902,4,0,0,996765,1
48165.773492,4,0,0,996934,1
48169.054993,4,0,0,996895,1
48174.315372,4,0,0,996818,1
48174.694987,4,0,0,996827,1
48177.313110,4,0,0,996679,1
48181.291232,4,0,0,996658,1
48186.621234,4,0,0,996776,1
48194.853433,4,0,0,996845,1
48196.354996,4,0,0,996815,1
48200.891920,4,0,0,996794,1
48202.469636,4,0,0,996854,1
48206.395096,4,0,0,996790,1
48207.325856,4,0,0,996878,1
48208.904386,4,0,0,996889,1
48212.358033,4,0,0,996880,1
48218.364959,4,0,0,996787,1
48219.114200,4,0,0,996766,1
48222.211840,4,0,0,996693,1
48224.687500,4,0,0,996690,1
48236.431132,4,0,0,996512,1
48237.300682,4,0,0,996529,1
48243.030771,4,0,0,996364,1
48246.810022,4,0,0,996247,1
48247.017876,4,0,0,996265,1
48247.378881,4,0,0,996249,1
48259.444062,4,0,0,995918,1
48263.961174,4,0,0,995873,1
48267.486297,4,0,0,995805,1
48272.071452,4,0,0,995783,1
48272.234771,4,0,0,995784,1
48274.827540,4,0,0,995760,1
48285.719325,4,0,0,995722,1
48286.891404,4,0,0,995760,1
48291.583672,4,0,0,995703,1
48300.622528,4,0,0,995847,1
48315.624734,4,0,0,996153,1
48316.074588,4,0,0,996106,1
48323.238974,4,0,0,996368,1
48346.491815,4,0,0,996445,1
48347.198020,4,0,0,996522,1
48352.291969,4,0,0,996484,1
48366.474487,4,0,0,996541,1
48370.475830,4,0,0,996424,1
48371.733449,4,0,0,996336,1
48372.263511,4,0,0,996352,1
48373.141095,4,0,0,996295,1
48377.039796,4,0,0,996195,1
48384.542306,4,0,0,996046,1
48387.589724,4,0,0,996047,1
48387.990449,4,0,0,995997,1
48389.745701,4,0,0,995873,1
48398.953962,4,0,0,996080,1
48400.045391,4,0,0,996012,1
48407.020552,4,0,0,995918,1
48412.356408,4,0,0,995951,1
48422.461209,4,0,0,995777,1
48425.639199,4,0,0,995622,1
48425.995568,4,0,0,995615,1
48426.111554,4,0,0,995606,1
48433.648229,4,0,0,995416,1
48435.294723,4,0,0,995323,1
48437.558138,4,0,0,995265,1
48445.682045,4,0,0,995255,1
48455.298976,4,0,0,995246,1
48455.994025,4,0,0,995333,1
48462.511211,4,0,0,995192,1
48467.727803,4,0,0,995344,1
48473.657056,4,0,0,995297,1
48482.952622,4,0,0,995338,1
48484.205939,4,0,0,995334,1
48490.760077,4,0,0,995596,1
48491.253419,4,0,0,995599,1
48502.394352,4,0,0,995714,1
48503.661470,4,0,0,995682,1
48504.033292,4,0,0,995671,1
48504.450266,4,0,0,995593,1
48508.099395,4,0,0,995658,1
48508.278253,4,0,0,995658,1
48510.778202,4,0,0,995630,1
48517.293073,4,0,0,995611,1
48522.381449,4,0,0,995530,1
48523.211698,4,0,0,995455,1
48536.786818,4,0,0,995177,1
48541.490128,4,0,0,995024,1
48547.866412,4,0,0,994884,1
48555.588053,4,0,0,994962,1
48559.424807,4,0,0,994983,1
48559.503096,4,0,0,994971,1
48563.533485,4,0,0,994812,1
48565.227125,4,0,0,994804,1
48565.246442,4,0,0,994801,1
48566.575640,4,0,0,994741,1
48566.969298,4,0,0,994729,1
48571.872753,4,0,0,994714,1
48575.192975,4,0,0,994643,1
48575.775931,4,0,0,994664,1
48579.194015,4,0,0,994752,1
48582.785980,4,0,0,994625,1
48591.173375,4,0,0,995059,1
48593.279787,4,0,0,995169,1
48594.041379,4,0,0,995101,1
48596.430021,4,0,0,995128,1
48610.414620,4,0,0,994864,1
48613.498373,4,0,0,994900,1
48614.588496,4,0,0,994950,1
48615.007409,4,0,0,994972,1
48619.414186,4,0,0,995239,1
48628.954093,4,0,0,995613,1
48641.177039,4,0,0,995557,1
48641.715111,4,0,0,995618,1
48642.721483,4,0,0,995566,1
48646.551495,4,0,0,995440,1
48654.312736,4,0,0,995425,1
48660.169213,4,0,0,995594,1
48663.914384,4,0,0,995702,1
48674.867025,4,0,0,995717,1
48680.131962,4,0,0,995601,1
48680.479034,4,0,0,995594,1
48681.950077,4,0,0,995550,1
48685.252492,4,0,0,995690,1
48696.055798,4,0,0,995578,1
48700.276431,4,0,0,995554,1
48700.976061,4,0,0,995501,1
48703.641914,4,0,0,995555,1
48704.891754,4,0,0,995627,1
48705.292715,4,0,0,995640,1
48709.319041,4,0,0,995539,1
48712.767806,4,0,0,995509,1
48713.853597,4,0,0,995469,1
48716.447975,4,0,0,995415,1
48718.052750,4,0,0,995454,1
48718.194967,4,0,0,995447,1
48722.337598,4,0,0,995619,1
48727.962732,4,0,0,995754,1
48738.727965,4,0,0,995780,1
48740.997139,4,0,0,995928,1
48748.691087,4,0,0,995857,1
48756.422218,4,0,0,996080,1
48759.237197,4,0,0,996067,1
48760.523421,4,0,0,996066,1
48765.406100,4,0,0,996089,1
48766.092178,4,0,0,996100,1
48767.498436,4,0,0,996169,1
48768.595802,4,0,0,996225,1
48777.759528,4,0,0,996111,1
48785.533834,4,0,0,996116,1
48786.510755,4,0,0,996060,1
48788.376741,4,0,0,996020,1
48792.639605,4,0,0,996034,1
48800.254779,4,0,0,996037,1
48803.395601,4,0,0,995967,1
48803.843739,4,0,0,995954,1
48809.785046,4,0,0,995991,1
48811.245304,4,0,0,995990,1
48816.694841,4,0,0,995875,1
48828.955740,4,0,0,995972,1
48831.329991,4,0,0,995818,1
48835.033220,4,0,0,995836,1
48838.868674,4,0,0,995966,1
48841.662912,4,0,0,995975,1
48846.668890,4,0,0,996045,1
48851.747204,4,0,0,995939,1
48853.053093,4,0,0,995904,1
48855.091345,4,0,0,995973,1
48856.410208,4,0,0,995963,1
48865.093646,4,0,0,995908,1
48874.686444,4,0,0,995727,1
48876.900544,4,0,0,995769,1
48880.955594,4,0,0,995954,1
48888.785550,4,0,0,996054,1
48891.220725,4,0,0,996031,1
48897.317523,4,0,0,996216,1
48898.329775,4,0,0,996227,1
48904.454775,4,0,0,996090,1
48906.005311,4,0,0,996111,1
48913.415480,4,0,0,996182,1
48919.131708,4,0,0,996107,1
48932.548269,4,0,0,996034,1
48934.250176,4,0,0,996135,1
48934.752538,4,0,0,996168,1
48935.106069,4,0,0,996223,1
48937.768900,4,0,0,996227,1
48938.634742,4,0,0,996222,1
48943.276689,4,0,0,996110,1
48948.229943,4,0,0,996058,1
48959.617796,4,0,0,996320,1
48959.950799,4,0,0,996329,1
48963.796041,4,0,0,996200,1
48967.535690,4,0,0,996157,1
48976.905612,4,0,0,996308,1
48987.002901,4,0,0,996167,1
48990.680680,4,0,0,995878,1
48990.688053,4,0,0,995882,1
48992.876487,4,0,0,995803,1
48994.149053,4,0,0,995909,1
49022.506609,4,0,0,995970,1
49030.634839,4,0,0,995705,1
49040.651119,4,0,0,995641,1
49040.999131,4,0,0,995650,1
49062.129163,4,0,0,995452,1
49085.739730,4,0,0,994905,1
49087.212949,4,0,0,994813,1
49092.453513,4,0,0,994709,1
49117.609992,4,0,0,994791,1
49130.624925,4,0,0,994452,1
49131.750866,4,0,0,994509,1
49135.705044,4,0,0,994620,1
49137.524262,4,0,0,994580,1
49144.742469,4,0,0,994328,1
49150.496343,4,0,0,994222,1
49151.360333,4,0,0,994254,1
49156.101865,4,0,0,994024,1
49169.817432,4,0,0,993926,1
49172.775455,4,0,0,993882,1
49182.512906,4,0,0,993973,1
49194.674549,4,0,0,993829,1
49204.618339,4,0,0,993792,1
49209.974553,4,0,0,993740,1
49215.151301,4,0,0,993875,1
49220.993473,4,0,0,993917,1
49222.432234,4,0,0,993972,1
49230.670236,4,0,0,993967,1
49236.980744,4,0,0,993783,1
49247.991128,4,0,0,993669,1
49248.972908,4,0,0,993798,1
49250.934825,4,0,0,993814,1
49266.348889,4,0,0,993824,1
49270.043162,4,0,0,993774,1
49270.948561,4,0,0,993738,1
49272.198789,4,0,0,993718,1
49273.917314,4,0,0,993623,1
49275.636657,4,0,0,993600,1
49287.155139,4,0,0,993433,1
49289.967485,4,0,0,993262,1
49297.917587,4,0,0,994242,1
49311.137414,4,0,0,993969,1
49347.922329,4,0,0,994100,1
49355.679535,4,0,0,994093,1
49362.275033,4,0,0,994118,1
49372.360081,4,0,0,994197,1
49372.971718,4,0,0,994227,1
49375.255500,4,0,0,994274,1
49377.539539,4,0,0,994253,1
49381.999242,4,0,0,994158,1
49382.605970,4,0,0,994147,1
49395.736066,4,0,0,994382,1
49401.668429,4,0,0,994352,1
49404.265690,4,0,0,994383,1
49405.970682,4,0,0,994389,1
49409.411985,4,0,0,994373,1
49414.176418,4,0,0,994331,1
49416.540484,4,0,0,994196,1
49417.947194,4,0,0,994154,1
49424.717179,4,0,0,994251,1
49438.450973,4,0,0,994057,1
49440.152872,4,0,0,994083,1
49445.449216,4,0,0,994142,1
49445.922217,4,0,0,994130,1
49447.277156,4,0,0,994105,1
49447.300361,4,0,0,994105,1
49448.569729,4,0,0,994077,1
49456.960563,4,0,0,994025,1
49457.106180,4,0,0,994065,1
49464.367464,4,0,0,994186,1
49473.088015,4,0,0,994162,1
49473.753615,4,0,0,994115,1
49474.678498,4,0,0,994034,1
49475.785609,4,0,0,993975,1
49476.771767,4,0,0,993931,1
49480.669289,4,0,0,994056,1
49486.661492,4,0,0,993920,1
49494.706050,4,0,0,994015,1
49497.153770,4,0,0,993998,1
49509.688846,4,0,0,994024,1
49515.293474,4,0,0,994106,1
49517.196408,4,0,0,994177,1
49520.569531,4,0,0,994240,1
49521.385908,4,0,0,994229,1
49522.014528,4,0,0,994190,1
49528.450785,4,0,0,994226,1
49531.395021,4,0,0,994229,1
49533.557816,4,0,0,994336,1
49538.907387,4,0,0,994444,1
49547.642255,4,0,0,994479,1
49551.259074,4,0,0,994531,1
49552.910236,4,0,0,994399,1
49555.557559,4,0,0,994297,1
49577.220494,4,0,0,994522,1
49578.250822,4,0,0,994468,1
49585.733188,4,0,0,994505,1
49592.444920,4,0,0,994548,1
49594.367248,4,0,0,994624,1
49594.615228,4,0,0,994673,1
49600.235852,4,0,0,994865,1
49601.005848,4,0,0,994829,1
49630.414630,4,0,0,994971,1
49632.231534,4,0,0,995108,1
49634.346534,4,0,0,995176,1
49634.405186,4,0,0,995169,1
49643.971983,4,0,0,995037,1
49645.113379,4,0,0,995047,1
49647.939051,4,0,0,995117,1
49654.476576,4,0,0,995009,1
49659.902980,4,0,0,995041,1
49663.933728,4,0,0,995108,1
49677.391198,4,0,0,995276,1
49689.928605,4,0,0,995278,1
49694.312335,4,0,0,995458,1
49706.369304,4,0,0,995550,1
49715.602103,4,0,0,995540,1
49720.143028,4,0,0,995483,1
49721.734525,4,0,0,995412,1
49724.374228,4,0,0,995374,1
49728.471977,4,0,0,995194,1
49731.696871,4,0,0,995224,1
49738.660452,4,0,0,995063,1
49742.012477,4,0,0,995116,1
49742.054457,4,0,0,995106,1
49743.507975,4,0,0,995165,1
49745.686219,4,0,0,995099,1
49751.282772,4,0,0,995204,1
49754.506159,4,0,0,995167,1
49755.572726,4,0,0,995207,1
49757.948676,4,0,0,995179,1
49762.380051,4,0,0,995137,1
49766.759576,4,0,0,995067,1
49766.767130,4,0,0,995061,1
49768.656115,4,0,0,995037,1
49769.501758,4,0,0,995051,1
49771.103718,4,0,0,995129,1
49773.941219,4,0,0,995031,1
49779.951185,4,0,0,995181,1
49784.883885,4,0,0,995151,1
49797.111782,4,0,0,995112,1
49799.825885,4,0,0,995040,1
49801.010696,4,0,0,994966,1
49804.030911,4,0,0,994957,1
49806.898846,4,0,0,995023,1
49807.653635,4,0,0,995032,1
49818.611948,4,0,0,995110,1
49821.521707,4,0,0,995084,1
49825.962149,4,0,0,995115,1
49826.582950,4,0,0,995133,1
49827.356167,4,0,0,995142,1
49830.655971,4,0,0,995177,1
49831.445911,4,0,0,995194,1
49837.629547,4,0,0,995324,1
49842.348145,4,0,0,995211,1
49852.772765,4,0,0,994909,1
49856.397481,4,0,0,994823,1
49859.880413,4,0,0,994958,1
49866.266623,4,0,0,994924,1
49875.888562,4,0,0,994668,1
49884.044623,4,0,0,994885,1
49885.551063,4,0,0,994855,1
49891.786304,4,0,0,994760,1
49894.100973,4,0,0,994852,1
49897.149851,4,0,0,994913,1
49913.983042,4,0,0,995111,1
49919.945528,4,0,0,995233,1
49925.742570,4,0,0,995035,1
49933.521473,4,0,0,994840,1
49937.841173,4,0,0,994640,1
49941.723191,4,0,0,994858,1
49943.231157,4,0,0,994896,1
49946.680033,4,0,0,994971,1
49951.073563,4,0,0,995104,1
49955.216047,4,0,0,995266,1
49962.244371,4,0,0,995292,1
49965.182954,4,0,0,995291,1
49969.214817,4,0,0,995238,1
49971.334664,4,0,0,995240,1
49972.644171,4,0,0,995216,1
49978.880081,4,0,0,995224,1
49981.216893,4,0,0,995223,1
49987.155761,4,0,0,995239,1
49988.542477,4,0,0,995287,1
49989.189881,4,0,0,995320,1
49992.721463,4,0,0,995169,1
49992.767356,4,0,0,995149,1
49995.963189,4,0,0,995104,1
50004.943003,4,0,0,995183,1
50006.307043,4,0,0,995168,1
50007.063125,4,0,0,995203,1
50014.284987,4,0,0,995124,1
50016.074788,4,0,0,995121,1
50016.213888,4,0,0,995101,1
50020.626951,4,0,0,994979,1
50025.786050,4,0,0,994944,1
50029.925409,4,0,0,994690,1
50037.537205,4,0,0,994671,1
50040.456664,4,0,0,994582,1
50046.643369,4,0,0,994508,1
50046.802973,4,0,0,994532,1
50056.010843,4,0,0,994466,1
50057.567286,4,0,0,994341,1
50066.429609,4,0,0,994424,1
50066.820345,4,0,0,994422,1
50067.182197,4,0,0,994403,1
50078.673259,4,0,0,994522,1
50089.583398,4,0,0,994555,1
50094.294106,4,0,0,994527,1
50096.238396,4,0,0,994425,1
50098.567176,4,0,0,994451,1
50099.624290,4,0,0,994520,1
50100.895284,4,0,0,994452,1
50101.927428,4,0,0,994410,1
50102.009212,4,0,0,994425,1
50108.469749,4,0,0,994301,1
50113.370020,4,0,0,994230,1
50115.940257,4,0,0,994224,1
50118.578669,4,0,0,994091,1
50118.671208,4,0,0,994108,1
50137.786449,4,0,0,994253,1
50141.153971,4,0,0,994307,1
50141.250357,4,0,0,994283,1
50151.797863,4,0,0,994122,1
50155.464252,4,0,0,994104,1
50165.775352,4,0,0,994259,1
50166.427617,4,0,0,994423,1
50175.611469,4,0,0,994108,1
50177.255788,4,0,0,994191,1
50186.842235,4,0,0,994321,1
50190.894222,4,0,0,994245,1
50192.131622,4,0,0,994212,1
50195.065533,4,0,0,994176,1
50195.592970,4,0,0,994109,1
50197.419966,4,0,0,994064,1
50200.457096,4,0,0,994002,1
50210.387531,4,0,0,993981,1
50211.541023,4,0,0,994049,1
50217.000171,4,0,0,993957,1
50218.905720,4,0,0,993970,1
50221.124610,4,0,0,993876,1
50221.813354,4,0,0,993907,1
50223.528363,4,0,0,993938,1
50226.577301,4,0,0,993822,1
50229.239286,4,0,0,993782,1
50239.092510,4,0,0,993431,1
50239.660279,4,0,0,993468,1
50240.657163,4,0,0,993435,1
50243.996408,4,0,0,993415,1
50246.513639,4,0,0,993327,1
50249.826032,4,0,0,993491,1
50257.478067,4,0,0,993587,1
50259.285087,4,0,0,993633,1
50260.918533,4,0,0,993778,1
50261.311014,4,0,0,993748,1
50264.017346,4,0,0,993838,1
50269.318776,4,0,0,993793,1
50282.326078,4,0,0,994027,1
50283.183176,4,0,0,994009,1
50287.288039,4,0,0,994094,1
50287.845354,4,0,0,994107,1
50291.445080,4,0,0,994075,1
50293.287404,4,0,0,994121,1
50308.831788,4,0,0,994245,1
50309.186747,4,0,0,994239,1
50318.334847,4,0,0,994259,1
50320.699747,4,0,0,994244,1
50339.698875,4,0,0,994365,1
50339.885421,4,0,0,994352,1
50340.019150,4,0,0,994327,1
50359.082751,4,0,0,994295,1
50359.272419,4,0,0,994314,1
50359.608015,4,0,0,994348,1
50369.499165,4,0,0,994278,1
50384.665330,4,0,0,994307,1
50387.110083,4,0,0,994252,1
50403.120737,4,0,0,994239,1
50422.176436,4,0,0,994014,1
50425.152244,4,0,0,994111,1
50428.236174,4,0,0,994130,1
50430.569412,4,0,0,994102,1
50440.699231,4,0,0,994242,1
50444.674191,4,0,0,994282,1
50450.791125,4,0,0,994315,1
50453.285958,4,0,0,994298,1
50454.264241,4,0,0,994281,1
50454.537858,4,0,0,994302,1
50462.560221,4,0,0,994317,1
50463.094908,4,0,0,994295,1
50465.970824,4,0,0,994477,1
50474.328761,4,0,0,994662,1
50474.547557,4,0,0,994688,1
50475.393173,4,0,0,994645,1
50478.967458,4,0,0,994664,1
50479.568966,4,0,0,994615,1
50480.874754,4,0,0,994542,1
50484.787203,4,0,0,994375,1
50498.520209,4,0,0,994308,1
50504.416633,4,0,0,994288,1
50509.521102,4,0,0,994447,1
50512.678967,4,0,0,994509,1
50515.358008,4,0,0,994411,1
50515.433772,4,0,0,994423,1
50516.632149,4,0,0,994220,1
50521.970992,4,0,0,994366,1
50524.798201,4,0,0,994356,1
50532.782436,4,0,0,994378,1
50534.651236,4,0,0,994366,1
50537.558169,4,0,0,994405,1
50538.115600,4,0,0,994417,1
50544.226515,4,0,0,994571,1
50550.713029,4,0,0,994682,1
50553.290521,4,0,0,994708,1
50557.179002,4,0,0,994630,1
50558.788952,4,0,0,994694,1
50560.218191,4,0,0,994640,1
50563.130235,4,0,0,994446,1
50564.260523,4,0,0,994450,1
50564.911301,4,0,0,994416,1
50567.561184,4,0,0,994323,1
50573.185664,4,0,0,994332,1
50573.503765,4,0,0,994382,1
50577.757473,4,0,0,994480,1
50585.455315,4,0,0,994354,1
50592.176531,4,0,0,994236,1
50593.189903,4,0,0,994179,1
50605.998612,4,0,0,994017,1
50606.371884,4,0,0,994005,1
50609.720861,4,0,0,994035,1
50612.393119,4,0,0,993993,1
50613.089973,4,0,0,993987,1
50616.410867,4,0,0,994037,1
50619.290002,4,0,0,993985,1
50621.024984,4,0,0,993918,1
50621.218425,4,0,0,993949,1
50622.825958,4,0,0,993955,1
50628.982714,4,0,0,993866,1
50635.547284,4,0,0,993651,1
50642.197076,4,0,0,993714,1
50643.315795,4,0,0,993638,1
50645.134626,4,0,0,993628,1
50649.398025,4,0,0,993450,1
50658.912236,4,0,0,993319,1
50662.809906,4,0,0,993308,1
50662.892833,4,0,0,993294,1
50667.465749,4,0,0,993275,1
50668.455564,4,0,0,993221,1
50668.591557,4,0,0,993212,1
50668.940211,4,0,0,993211,1
50675.553381,4,0,0,993173,1
50676.865278,4,0,0,993300,1
50679.227160,4,0,0,993216,1
50680.717141,4,0,0,993290,1
50684.321247,4,0,0,993197,1
50703.335063,4,0,0,992950,1
50707.298381,4,0,0,992871,1
50712.637671,4,0,0,993083,1
50722.816995,4,0,0,993043,1
50722.891968,4,0,0,993040,1
50727.279782,4,0,0,992937,1
50740.166537,4,0,0,992891,1
50740.375371,4,0,0,992899,1
50743.487814,4,0,0,992922,1
50752.364058,4,0,0,992811,1
50752.868303,4,0,0,992868,1
50753.188134,4,0,0,992809,1
50754.259623,4,0,0,992784,1
