34199.000000,1,0,100,999000,1
34199.000000,1,0,100,999100,1
34199.000000,1,0,100,999200,1
34199.000000,1,0,100,999300,1
34199.000000,1,0,100,999400,1
34199.000000,1,0,100,999500,1
34199.000000,1,0,100,999600,1
34199.000000,1,0,100,999700,1
34199.000000,1,0,100,999800,1
34199.000000,1,0,100,999900,1
34199.000000,1,0,100,1000100,-1
34199.000000,1,0,100,1000200,-1
34199.000000,1,0,100,1000300,-1
34199.000000,1,0,100,1000400,-1
34199.000000,1,0,100,1000500,-1
34199.000000,1,0,100,1000600,-1
34199.000000,1,0,100,1000700,-1
34199.000000,1,0,100,1000800,-1
34199.000000,1,0,100,1000900,-1
34199.000000,1,0,100,1001000,-1
34200.000000,4,0,0,1000000,1
34206.090319,4,0,0,999998,1
34206.090865,4,0,0,999998,1
34207.811726,4,0,0,999994,1
34208.570358,4,0,0,999993,1
34209.033463,4,0,0,999992,1
34210.018691,4,0,0,999989,1
34212.045299,4,0,0,999986,1
34214.461362,4,0,0,999984,1
34218.160890,4,0,0,999982,1
34220.758052,4,0,0,999980,1
34226.283157,4,0,0,999978,1
34227.376459,4,0,0,999976,1
34237.436913,4,0,0,999974,1
34237.569651,4,0,0,999973,1
34242.875835,4,0,0,999970,1
34245.457470,4,0,0,999968,1
34249.367545,4,0,0,999966,1
34250.090630,4,0,0,999965,1
34251.145926,4,0,0,999963,1
34258.856868,4,0,0,999960,1
34275.348954,4,0,0,999958,1
34277.146418,4,0,0,999956,1
34282.780621,4,0,0,999954,1
34292.773770,4,0,0,999952,1
34303.529037,4,0,0,999950,1
34303.953881,4,0,0,999949,1
34304.144306,4,0,0,999949,1
34305.033985,4,0,0,999946,1
34315.095421,4,0,0,999942,1
34315.590273,4,0,0,999941,1
34318.203206,4,0,0,999938,1
34333.343659,4,0,0,999936,1
34336.984968,4,0,0,999934,1
34342.612254,4,0,0,999932,1
34344.424302,4,0,0,999930,1
34349.968905,4,0,0,999928,1
34358.570724,4,0,0,999926,1
34358.658951,4,0,0,999926,1
34365.288199,4,0,0,999922,1
34386.785344,4,0,0,999920,1
34393.376887,4,0,0,999918,1
34394.950084,4,0,0,999917,1
34402.393605,4,0,0,999914,1
34402.914393,4,0,0,999913,1
34405.753781,4,0,0,999910,1
34417.189743,4,0,0,999908,1
34418.851241,4,0,0,999907,1
34420.473390,4,0,0,999905,1
34421.139220,4,0,0,999904,1
34421.232702,4,0,0,999903,1
34426.661836,4,0,0,999898,1
34427.798450,4,0,0,999897,1
34429.273695,4,0,0,999895,1
34432.507050,4,0,0,999892,1
34432.769181,4,0,0,999892,1
34436.849350,4,0,0,999888,1
34437.607829,4,0,0,999887,1
34441.861579,4,0,0,999884,1
34447.612720,4,0,0,999882,1
34448.128758,4,0,0,999882,1
34450.683816,4,0,0,999879,1
34456.350405,4,0,0,999876,1
34458.906469,4,0,0,999875,1
34459.151417,4,0,0,999874,1
34462.820772,4,0,0,999871,1
34468.031130,4,0,0,999869,1
34471.488876,4,0,0,999867,1
34485.317803,4,0,0,999865,1
34489.539647,4,0,0,999863,1
34500.711445,4,0,0,999861,1
34501.418363,4,0,0,999860,1
34502.135276,4,0,0,999858,1
34510.008388,4,0,0,999855,1
34512.431663,4,0,0,999853,1
34513.295637,4,0,0,999852,1
34525.839729,4,0,0,999849,1
34527.882470,4,0,0,999847,1
34534.524510,4,0,0,999845,1
34540.712793,4,0,0,999843,1
34550.981193,4,0,0,999841,1
34555.652662,4,0,0,999839,1
34562.297203,4,0,0,999837,1
34564.348250,4,0,0,999835,1
34565.852096,4,0,0,999833,1
34576.665751,4,0,0,999831,1
34579.336699,4,0,0,999829,1
34595.339410,4,0,0,999827,1
34600.544750,4,0,0,999825,1
34605.191180,4,0,0,999823,1
34605.773769,4,0,0,999822,1
34620.044790,4,0,0,999819,1
34622.901688,4,0,0,999817,1
34627.030048,4,0,0,999815,1
34629.537061,4,0,0,999813,1
34630.830207,4,0,0,999812,1
34642.000897,4,0,0,999809,1
34646.076152,4,0,0,999807,1
34646.089892,4,0,0,999807,1
34650.679164,4,0,0,999803,1
34652.569570,4,0,0,999801,1
34656.148752,4,0,0,999799,1
34666.526366,4,0,0,999797,1
34668.639271,4,0,0,999795,1
34680.072077,4,0,0,999793,1
34684.739584,4,0,0,999791,1
34684.815814,4,0,0,999791,1
34697.488801,4,0,0,999787,1
34703.100906,4,0,0,999785,1
34731.412859,4,0,0,999783,1
34732.317012,4,0,0,999782,1
34733.022052,4,0,0,999781,1
34745.913917,4,0,0,999777,1
34751.618477,4,0,0,999775,1
34751.944851,4,0,0,999775,1
34758.676950,4,0,0,999771,1
34765.378130,4,0,0,999769,1
34777.635334,4,0,0,999767,1
34783.577572,4,0,0,999765,1
34784.211871,4,0,0,999764,1
34784.307855,4,0,0,999764,1
34784.434815,4,0,0,999764,1
34784.572072,4,0,0,999763,1
34785.923105,4,0,0,999757,1
34795.322078,4,0,0,999753,1
34799.021755,4,0,0,999751,1
34802.868692,4,0,0,999749,1
34811.689492,4,0,0,999747,1
34812.323258,4,0,0,999747,1
34813.888091,4,0,0,999744,1
34818.100744,4,0,0,999742,1
34834.798110,4,0,0,999740,1
34838.733602,4,0,0,999738,1
34838.823577,4,0,0,999737,1
34846.531836,4,0,0,999734,1
34847.799659,4,0,0,999732,1
34855.665676,4,0,0,999730,1
34858.011677,4,0,0,999728,1
34867.532182,4,0,0,999726,1
34874.103949,4,0,0,999724,1
34877.987565,4,0,0,999722,1
34878.688836,4,0,0,999721,1
34878.984182,4,0,0,999720,1
34879.602529,4,0,0,999718,1
34879.820376,4,0,0,999717,1
34880.363969,4,0,0,999715,1
34881.586730,4,0,0,999711,1
34887.553292,4,0,0,999708,1
34891.474506,4,0,0,999706,1
34891.534903,4,0,0,999706,1
34891.891949,4,0,0,999705,1
34908.237908,4,0,0,999700,1
34912.251015,4,0,0,999698,1
34913.337359,4,0,0,999697,1
34914.727325,4,0,0,999695,1
34921.237197,4,0,0,999692,1
34922.276592,4,0,0,999691,1
34926.438736,4,0,0,999688,1
34943.203268,4,0,0,999686,1
34952.171500,4,0,0,999684,1
34953.482351,4,0,0,999683,1
34956.736401,4,0,0,999680,1
34961.360895,4,0,0,999678,1
34969.802280,4,0,0,999676,1
34970.617465,4,0,0,999675,1
34970.707095,4,0,0,999675,1
34971.054096,4,0,0,999673,1
34974.238550,4,0,0,999668,1
34978.694661,4,0,0,999666,1
34982.716088,4,0,0,999664,1
34984.541049,4,0,0,999662,1
35005.934226,4,0,0,999660,1
35010.077980,4,0,0,999658,1
35012.364080,4,0,0,999656,1
35016.191029,4,0,0,999654,1
35022.729133,4,0,0,999652,1
35028.017442,4,0,0,999650,1
35029.488608,4,0,0,999649,1
35029.816695,4,0,0,999648,1
35032.025863,4,0,0,999645,1
35036.774741,4,0,0,999642,1
35037.902546,4,0,0,999641,1
35044.582012,4,0,0,999638,1
35044.911131,4,0,0,999638,1
35046.352450,4,0,0,999635,1
35054.160569,4,0,0,999632,1
35055.188125,4,0,0,999631,1
35060.064465,4,0,0,999628,1
35063.619574,4,0,0,999626,1
35075.988828,4,0,0,999624,1
35077.449454,4,0,0,999623,1
35077.775627,4,0,0,999622,1
35084.124779,4,0,0,999618,1
35091.195311,4,0,0,999616,1
35102.590674,4,0,0,999615,1
35115.438534,4,0,0,999613,1
35115.505692,4,0,0,999612,1
35116.782172,4,0,0,999610,1
35121.366869,4,0,0,999607,1
35135.593343,4,0,0,999605,1
35149.929810,4,0,0,999603,1
35153.817876,4,0,0,999601,1
35165.635294,4,0,0,999599,1
35170.539628,4,0,0,999597,1
35172.902425,4,0,0,999595,1
35176.083581,4,0,0,999593,1
35180.515240,4,0,0,999591,1
35184.327308,4,0,0,999589,1
35196.784680,4,0,0,999587,1
35208.782579,4,0,0,999585,1
35211.183674,4,0,0,999583,1
35226.976594,4,0,0,999581,1
35227.890084,4,0,0,999580,1
35228.535633,4,0,0,999578,1
35229.229293,4,0,0,999577,1
35232.596976,4,0,0,999573,1
35232.700988,4,0,0,999573,1
35246.830376,4,0,0,999569,1
35255.219904,4,0,0,999567,1
35255.292239,4,0,0,999567,1
35256.218713,4,0,0,999564,1
35258.147741,4,0,0,999561,1
35258.818893,4,0,0,999560,1
35266.744393,4,0,0,999557,1
35268.764985,4,0,0,999555,1
35282.221659,4,0,0,999553,1
35286.391290,4,0,0,999551,1
35296.479848,4,0,0,999549,1
35305.383164,4,0,0,999547,1
35316.654484,4,0,0,999545,1
35319.598794,4,0,0,999543,1
35323.377012,4,0,0,999541,1
35331.036867,4,0,0,999539,1
35332.645235,4,0,0,999538,1
35335.866199,4,0,0,999535,1
35340.235448,4,0,0,999533,1
35340.310280,4,0,0,999533,1
35344.612881,4,0,0,999529,1
35347.330739,4,0,0,999527,1
35355.203087,4,0,0,999525,1
35357.013244,4,0,0,999524,1
35367.691223,4,0,0,999521,1
35371.813551,4,0,0,999519,1
35372.785580,4,0,0,999518,1
35380.198573,4,0,0,999515,1
35384.724422,4,0,0,999513,1
35384.989314,4,0,0,999513,1
35387.594707,4,0,0,999510,1
35393.027313,4,0,0,999507,1
35405.017474,4,0,0,999505,1
35405.019396,4,0,0,999505,1
35423.001009,4,0,0,999501,1
35425.259728,4,0,0,999500,1
35442.665466,4,0,0,999497,1
35447.102028,4,0,0,999495,1
35455.539638,4,0,0,999493,1
35459.626479,4,0,0,999491,1
35464.354215,4,0,0,999489,1
35465.961629,4,0,0,999488,1
35470.186692,4,0,0,999486,1
35476.813595,4,0,0,999484,1
35486.154388,4,0,0,999482,1
35492.879047,4,0,0,999480,1
35498.603183,4,0,0,999478,1
35508.156643,4,0,0,999476,1
35510.018993,4,0,0,999474,1
35515.329839,4,0,0,999472,1
35518.195101,4,0,0,999470,1
35520.496352,4,0,0,999468,1
35523.025014,4,0,0,999466,1
35525.478562,4,0,0,999464,1
35527.303675,4,0,0,999462,1
35531.952931,4,0,0,999460,1
35534.641934,4,0,0,999458,1
35552.051053,4,0,0,999456,1
35557.464812,4,0,0,999454,1
35558.522901,4,0,0,999452,1
35561.182244,4,0,0,999450,1
35563.192705,4,0,0,999448,1
35570.829716,4,0,0,999446,1
35580.964507,4,0,0,999444,1
35592.158130,4,0,0,999442,1
35597.353232,4,0,0,999440,1
35598.858913,4,0,0,999438,1
35600.249141,4,0,0,999437,1
35609.476061,4,0,0,999434,1
35613.061882,4,0,0,999432,1
35620.806926,4,0,0,999430,1
35624.868847,4,0,0,999428,1
35631.183421,4,0,0,999426,1
35634.681961,4,0,0,999424,1
35641.725417,4,0,0,999422,1
35645.746916,4,0,0,999420,1
35648.743098,4,0,0,999418,1
35650.748776,4,0,0,999416,1
35651.086469,4,0,0,999416,1
35653.355503,4,0,0,999412,1
35653.752125,4,0,0,999412,1
35673.177287,4,0,0,999408,1
35674.135293,4,0,0,999407,1
35682.120579,4,0,0,999404,1
35692.058844,4,0,0,999402,1
35697.632694,4,0,0,999400,1
35701.661254,4,0,0,999398,1
35702.500194,4,0,0,999397,1
35705.506856,4,0,0,999394,1
35707.530626,4,0,0,999393,1
35708.749257,4,0,0,999391,1
35713.040471,4,0,0,999388,1
35714.829906,4,0,0,999387,1
35726.687091,4,0,0,999384,1
35738.177752,4,0,0,999382,1
35739.598456,4,0,0,999381,1
35740.160277,4,0,0,999380,1
35741.185040,4,0,0,999378,1
35744.494310,4,0,0,999374,1
35750.727949,4,0,0,999372,1
35751.843790,4,0,0,999371,1
35753.206394,4,0,0,999369,1
35762.328203,4,0,0,999366,1
35764.897909,4,0,0,999365,1
35769.481443,4,0,0,999362,1
35770.753580,4,0,0,999361,1
35771.267663,4,0,0,999360,1
35774.734955,4,0,0,999357,1
35777.834515,4,0,0,999355,1
35778.626403,4,0,0,999353,1
35783.274229,4,0,0,999351,1
35787.027890,4,0,0,999349,1
35792.102881,4,0,0,999347,1
35792.849146,4,0,0,999346,1
35799.504934,4,0,0,999343,1
35800.705154,4,0,0,999341,1
35804.207076,4,0,0,999339,1
35811.561082,4,0,0,999337,1
35811.669032,4,0,0,999336,1
35813.543263,4,0,0,999333,1
35823.404198,4,0,0,999331,1
35832.306749,4,0,0,999329,1
35836.002380,4,0,0,999327,1
35845.631523,4,0,0,999325,1
35859.932612,4,0,0,999323,1
35868.302592,4,0,0,999321,1
35877.503804,4,0,0,999319,1
35878.000758,4,0,0,999318,1
35883.036754,4,0,0,999315,1
35888.848113,4,0,0,999313,1
35893.351954,4,0,0,999311,1
35901.035881,4,0,0,999309,1
35901.204055,4,0,0,999309,1
35908.234070,4,0,0,999305,1
35914.523385,4,0,0,999303,1
35915.960719,4,0,0,999301,1
35917.381108,4,0,0,999300,1
35922.163483,4,0,0,999297,1
35924.188169,4,0,0,999295,1
35931.800439,4,0,0,999293,1
35934.624724,4,0,0,999291,1
35941.922368,4,0,0,999289,1
35964.166087,4,0,0,999287,1
35965.872689,4,0,0,999285,1
35966.610359,4,0,0,999284,1
35977.679672,4,0,0,999281,1
35981.407711,4,0,0,999279,1
35998.991169,4,0,0,999277,1
36003.829788,4,0,0,999275,1
36028.215455,4,0,0,999273,1
36031.990766,4,0,0,999271,1
36035.563562,4,0,0,999269,1
36036.259151,4,0,0,999268,1
36038.360433,4,0,0,999266,1
36038.487430,4,0,0,999265,1
36039.323089,4,0,0,999263,1
36045.866878,4,0,0,999259,1
36046.014443,4,0,0,999259,1
36048.196816,4,0,0,999256,1
36057.675622,4,0,0,999253,1
36063.315345,4,0,0,999251,1
36068.928149,4,0,0,999249,1
36069.927357,4,0,0,999248,1
36072.715172,4,0,0,999246,1
36076.879811,4,0,0,999243,1
36098.775290,4,0,0,999241,1
36099.865313,4,0,0,999240,1
36101.226006,4,0,0,999238,1
36102.679346,4,0,0,999236,1
36109.309131,4,0,0,999233,1
36112.227801,4,0,0,999232,1
36112.507977,4,0,0,999231,1
36115.903337,4,0,0,999228,1
36117.041965,4,0,0,999226,1
36124.701835,4,0,0,999224,1
36126.388554,4,0,0,999222,1
36126.522366,4,0,0,999222,1
36130.824391,4,0,0,999218,1
36139.700262,4,0,0,999216,1
36141.993114,4,0,0,999214,1
36148.616893,4,0,0,999212,1
36152.037853,4,0,0,999210,1
36155.759562,4,0,0,999208,1
36171.078663,4,0,0,999206,1
36178.867391,4,0,0,999204,1
36179.024448,4,0,0,999203,1
36184.931398,4,0,0,999200,1
36187.921247,4,0,0,999198,1
36202.012088,4,0,0,999196,1
36203.208521,4,0,0,999194,1
36204.693705,4,0,0,999192,1
36205.099933,4,0,0,999192,1
36207.775293,4,0,0,999188,1
36208.327058,4,0,0,999187,1
36213.128757,4,0,0,999184,1
36220.893221,4,0,0,999182,1
36226.597502,4,0,0,999180,1
36233.544457,4,0,0,999178,1
36235.548428,4,0,0,999176,1
36244.486257,4,0,0,999174,1
36247.162872,4,0,0,999172,1
36255.467297,4,0,0,999170,1
36260.174770,4,0,0,999168,1
36260.914767,4,0,0,999167,1
36261.304957,4,0,0,999166,1
36261.393400,4,0,0,999166,1
36261.723485,4,0,0,999164,1
36264.656335,4,0,0,999158,1
36265.231350,4,0,0,999157,1
36265.366034,4,0,0,999157,1
36272.086388,4,0,0,999152,1
36274.487285,4,0,0,999150,1
36281.055592,4,0,0,999148,1
36283.934198,4,0,0,999146,1
36286.792613,4,0,0,999144,1
36289.900696,4,0,0,999142,1
36292.971663,4,0,0,999140,1
36300.740984,4,0,0,999138,1
36303.201829,4,0,0,999136,1
36314.437603,4,0,0,999134,1
36314.618121,4,0,0,999134,1
36321.724376,4,0,0,999130,1
36322.366162,4,0,0,999129,1
36326.972552,4,0,0,999126,1
36327.022352,4,0,0,999126,1
36330.719916,4,0,0,999122,1
36330.734364,4,0,0,999122,1
36345.169474,4,0,0,999118,1
36356.441285,4,0,0,999116,1
36364.038967,4,0,0,999114,1
36375.837616,4,0,0,999112,1
36376.589543,4,0,0,999111,1
36377.410052,4,0,0,999110,1
36378.403343,4,0,0,999108,1
36383.059894,4,0,0,999105,1
36394.352338,4,0,0,999102,1
36416.343674,4,0,0,999101,1
36422.279251,4,0,0,999099,1
36428.569845,4,0,0,999097,1
36440.042433,4,0,0,999095,1
36442.491145,4,0,0,999093,1
36443.865314,4,0,0,999091,1
36444.775765,4,0,0,999090,1
36445.383860,4,0,0,999088,1
36453.388287,4,0,0,999085,1
36454.147124,4,0,0,999084,1
36455.614246,4,0,0,999081,1
36463.786856,4,0,0,999079,1
36465.564611,4,0,0,999077,1
36484.879866,4,0,0,999075,1
36486.362224,4,0,0,999073,1
36490.008532,4,0,0,999071,1
36491.813263,4,0,0,999069,1
36503.364466,4,0,0,999067,1
36505.546941,4,0,0,999065,1
36508.264090,4,0,0,999063,1
36511.696320,4,0,0,999061,1
36525.056526,4,0,0,999059,1
36525.206800,4,0,0,999059,1
36531.238585,4,0,0,999055,1
36541.833843,4,0,0,999053,1
36541.966089,4,0,0,999053,1
36545.494932,4,0,0,999049,1
36547.380690,4,0,0,999047,1
36556.761305,4,0,0,999045,1
36560.669504,4,0,0,999043,1
36566.271273,4,0,0,999041,1
36569.153798,4,0,0,999039,1
36573.884529,4,0,0,999037,1
36575.522284,4,0,0,999035,1
36575.567181,4,0,0,999035,1
36579.677055,4,0,0,999031,1
36581.460754,4,0,0,999029,1
36584.941994,4,0,0,999027,1
36596.804911,4,0,0,999025,1
36599.462368,4,0,0,999023,1
36600.820921,4,0,0,999022,1
36603.039277,4,0,0,999019,1
36615.879348,4,0,0,999017,1
36629.084258,4,0,0,999015,1
36637.975137,4,0,0,999013,1
36650.060475,4,0,0,999011,1
36651.296782,4,0,0,999010,1
36651.734380,4,0,0,999009,1
36652.967032,4,0,0,999006,1
36654.771132,4,0,0,999004,1
36655.689314,4,0,0,999002,1
36660.154719,4,0,0,998999,1
36662.705949,4,0,0,998997,1
36670.806766,4,0,0,998995,1
36671.785362,4,0,0,998994,1
36677.570345,4,0,0,998991,1
36678.884391,4,0,0,998990,1
36682.965700,4,0,0,998987,1
36685.017403,4,0,0,998986,1
36685.297756,4,0,0,998985,1
36686.539721,4,0,0,998983,1
36691.754459,4,0,0,998979,1
36695.041485,4,0,0,998978,1
36698.540069,4,0,0,998976,1
36699.457985,4,0,0,998974,1
36703.500126,4,0,0,998972,1
36730.890266,4,0,0,998970,1
36739.003687,4,0,0,998968,1
36743.316779,4,0,0,998966,1
36761.142575,4,0,0,998964,1
36772.224213,4,0,0,998962,1
36776.551883,4,0,0,998960,1
36776.709450,4,0,0,998959,1
36777.179082,4,0,0,998958,1
36777.502240,4,0,0,998957,1
36780.374987,4,0,0,998952,1
36782.624932,4,0,0,998950,1
36800.325175,4,0,0,998948,1
36801.204230,4,0,0,998947,1
36818.431743,4,0,0,998944,1
36825.404601,4,0,0,998942,1
36833.715222,4,0,0,998940,1
36838.501661,4,0,0,998938,1
36843.782748,4,0,0,998936,1
36846.879944,4,0,0,998934,1
36846.943152,4,0,0,998934,1
36849.024452,4,0,0,998930,1
36852.262496,4,0,0,998928,1
36858.522724,4,0,0,998926,1
36861.545088,4,0,0,998924,1
36864.467541,4,0,0,998922,1
36865.175501,4,0,0,998921,1
36865.227835,4,0,0,998921,1
36872.015282,4,0,0,998916,1
36873.858418,4,0,0,998914,1
36893.740464,4,0,0,998912,1
36894.929545,4,0,0,998911,1
36896.906361,4,0,0,998908,1
36900.453691,4,0,0,998906,1
36907.174630,4,0,0,998904,1
36910.154271,4,0,0,998902,1
36910.791582,4,0,0,998901,1
36912.582626,4,0,0,998899,1
36915.939269,4,0,0,998896,1
36921.294756,4,0,0,998894,1
36928.322925,4,0,0,998892,1
36928.990443,4,0,0,998891,1
36929.101252,4,0,0,998891,1
36932.600495,4,0,0,998886,1
36940.538506,4,0,0,998884,1
36940.599135,4,0,0,998884,1
36945.934452,4,0,0,998880,1
36951.483743,4,0,0,998878,1
36954.334862,4,0,0,998876,1
36966.106191,4,0,0,998874,1
36971.047943,4,0,0,998872,1
36971.073055,4,0,0,998872,1
36974.239706,4,0,0,998868,1
36983.614490,4,0,0,998866,1
36992.095691,4,0,0,998864,1
36997.102304,4,0,0,998862,1
37002.455585,4,0,0,998860,1
37006.585192,4,0,0,998858,1
37008.116562,4,0,0,998857,1
37012.046610,4,0,0,998854,1
37017.371139,4,0,0,998852,1
37019.448182,4,0,0,998851,1
37028.705850,4,0,0,998848,1
37029.742917,4,0,0,998847,1
37036.318451,4,0,0,998845,1
37037.952881,4,0,0,998843,1
37045.057550,4,0,0,998841,1
37047.725542,4,0,0,998839,1
37055.606281,4,0,0,998837,1
37057.691490,4,0,0,998835,1
37058.840641,4,0,0,998833,1
37065.809588,4,0,0,998831,1
37067.573873,4,0,0,998829,1
37073.890284,4,0,0,998827,1
37080.412249,4,0,0,998825,1
37081.608462,4,0,0,998823,1
37082.760160,4,0,0,998822,1
37083.820505,4,0,0,998820,1
37084.555456,4,0,0,998818,1
37086.818027,4,0,0,998815,1
37086.947034,4,0,0,998815,1
37087.509011,4,0,0,998813,1
37092.874989,4,0,0,998809,1
37100.562765,4,0,0,998807,1
37100.964081,4,0,0,998806,1
37102.223984,4,0,0,998804,1
37103.336392,4,0,0,998802,1
37115.252653,4,0,0,998799,1
37121.191408,4,0,0,998797,1
37125.049717,4,0,0,998795,1
37126.785575,4,0,0,998793,1
37135.393999,4,0,0,998791,1
37138.125632,4,0,0,998789,1
37150.409717,4,0,0,998787,1
37156.262119,4,0,0,998785,1
37159.369824,4,0,0,998783,1
37160.014720,4,0,0,998782,1
37177.851374,4,0,0,998779,1
37178.683837,4,0,0,998778,1
37179.766036,4,0,0,998776,1
37182.462885,4,0,0,998773,1
37184.938224,4,0,0,998771,1
37185.696832,4,0,0,998770,1
37191.943402,4,0,0,998767,1
37192.943249,4,0,0,998766,1
37197.878749,4,0,0,998763,1
37204.588283,4,0,0,998761,1
37205.719470,4,0,0,998760,1
37210.110756,4,0,0,998757,1
37216.716798,4,0,0,998755,1
37221.576697,4,0,0,998753,1
37225.922361,4,0,0,998751,1
37227.596517,4,0,0,998750,1
37233.883656,4,0,0,998747,1
37247.774555,4,0,0,998745,1
37250.424405,4,0,0,998743,1
37257.709578,4,0,0,998741,1
37257.985759,4,0,0,998741,1
37266.606285,4,0,0,998737,1
37267.626827,4,0,0,998736,1
37270.029671,4,0,0,998734,1
37271.735131,4,0,0,998732,1
37272.134233,4,0,0,998731,1
37283.367242,4,0,0,998727,1
37285.576941,4,0,0,998726,1
37289.193047,4,0,0,998724,1
37292.450371,4,0,0,998722,1
37293.127932,4,0,0,998721,1
37294.233278,4,0,0,998719,1
37294.612081,4,0,0,998718,1
37298.001662,4,0,0,998714,1
37299.450964,4,0,0,998712,1
37301.562321,4,0,0,998710,1
37302.108973,4,0,0,998709,1
37309.513467,4,0,0,998706,1
37310.052186,4,0,0,998705,1
37330.358166,4,0,0,998702,1
37331.290242,4,0,0,998700,1
37335.351230,4,0,0,998698,1
37335.570546,4,0,0,998697,1
37342.965250,4,0,0,998694,1
37343.970172,4,0,0,998692,1
37347.557910,4,0,0,998690,1
37353.998348,4,0,0,998688,1
37354.774803,4,0,0,998687,1
37358.603232,4,0,0,998684,1
37359.770192,4,0,0,998682,1
37366.575823,4,0,0,998680,1
37372.710626,4,0,0,998678,1
37373.639147,4,0,0,998677,1
37383.104787,4,0,0,998674,1
37383.200259,4,0,0,998674,1
37392.606377,4,0,0,998670,1
37396.518770,4,0,0,998668,1
37398.986242,4,0,0,998666,1
37405.782966,4,0,0,998664,1
37411.815601,4,0,0,998662,1
37432.695676,4,0,0,998660,1
37434.253229,4,0,0,998658,1
37434.271397,4,0,0,998658,1
37447.256869,4,0,0,998654,1
37456.583624,4,0,0,998652,1
37462.821937,4,0,0,998650,1
37466.297448,4,0,0,998648,1
37472.164580,4,0,0,998646,1
37479.413630,4,0,0,998644,1
37481.659299,4,0,0,998642,1
37488.691057,4,0,0,998640,1
37495.329496,4,0,0,998638,1
37499.869906,4,0,0,998636,1
37502.326541,4,0,0,998634,1
37508.038830,4,0,0,998632,1
37508.053732,4,0,0,998632,1
37515.181648,4,0,0,998628,1
37526.019715,4,0,0,998626,1
37527.327222,4,0,0,998625,1
37527.942434,4,0,0,998624,1
37529.131820,4,0,0,998621,1
37530.851066,4,0,0,998619,1
37541.108109,4,0,0,998616,1
37544.852934,4,0,0,998614,1
37546.467950,4,0,0,998613,1
37547.179748,4,0,0,998612,1
37548.817824,4,0,0,998609,1
37553.366395,4,0,0,998606,1
37555.239042,4,0,0,998605,1
37558.161102,4,0,0,998603,1
37560.967907,4,0,0,998601,1
37569.385716,4,0,0,998598,1
37572.042118,4,0,0,998597,1
37574.069735,4,0,0,998595,1
37579.441703,4,0,0,998592,1
37580.638439,4,0,0,998591,1
37583.648382,4,0,0,998589,1
37585.455195,4,0,0,998587,1
37590.167271,4,0,0,998585,1
37600.198129,4,0,0,998583,1
37603.035747,4,0,0,998581,1
37610.371120,4,0,0,998579,1
37613.289706,4,0,0,998577,1
37618.393697,4,0,0,998575,1
37619.069495,4,0,0,998574,1
37621.781492,4,0,0,998571,1
37633.255069,4,0,0,998569,1
37637.700866,4,0,0,998567,1
37644.659350,4,0,0,998565,1
37648.017744,4,0,0,998563,1
37651.312435,4,0,0,998561,1
37660.159602,4,0,0,998559,1
37660.495231,4,0,0,998558,1
37664.565923,4,0,0,998555,1
37678.239339,4,0,0,998553,1
37681.726449,4,0,0,998551,1
37682.760122,4,0,0,998550,1
37691.763138,4,0,0,998547,1
37693.148716,4,0,0,998545,1
37698.915289,4,0,0,998543,1
37702.629809,4,0,0,998541,1
37716.839433,4,0,0,998539,1
37721.519349,4,0,0,998537,1
37730.219059,4,0,0,998535,1
37730.257129,4,0,0,998535,1
37751.964362,4,0,0,998531,1
37752.351067,4,0,0,998530,1
37754.209526,4,0,0,998528,1
37768.174761,4,0,0,998525,1
37768.217682,4,0,0,998525,1
37776.487471,4,0,0,998521,1
37785.927039,4,0,0,998519,1
37788.697128,4,0,0,998517,1
37790.109005,4,0,0,998516,1
37797.866834,4,0,0,998513,1
37800.972990,4,0,0,998511,1
37801.662560,4,0,0,998510,1
37814.229151,4,0,0,998507,1
37825.046653,4,0,0,998505,1
37828.279744,4,0,0,998503,1
37837.566482,4,0,0,998501,1
37840.158573,4,0,0,998499,1
37845.657109,4,0,0,998497,1
37848.082874,4,0,0,998495,1
37851.451329,4,0,0,998493,1
37852.455930,4,0,0,998492,1
37868.478925,4,0,0,998489,1
37870.144494,4,0,0,998488,1
37870.666527,4,0,0,998487,1
37871.411507,4,0,0,998485,1
37871.479347,4,0,0,998485,1
37877.495406,4,0,0,998479,1
37881.468813,4,0,0,998477,1
37889.034074,4,0,0,998475,1
37892.415486,4,0,0,998473,1
37899.917013,4,0,0,998471,1
37905.604985,4,0,0,998469,1
37912.795996,4,0,0,998467,1
37915.289670,4,0,0,998466,1
37920.277470,4,0,0,998463,1
37921.224866,4,0,0,998462,1
37923.081143,4,0,0,998460,1
37923.986822,4,0,0,998459,1
37926.497879,4,0,0,998456,1
37927.818618,4,0,0,998454,1
37930.315831,4,0,0,998452,1
37947.991376,4,0,0,998450,1
37949.837088,4,0,0,998448,1
37969.172366,4,0,0,998446,1
37974.007062,4,0,0,998444,1
37976.254376,4,0,0,998442,1
37985.567271,4,0,0,998440,1
37990.187127,4,0,0,998438,1
37991.575223,4,0,0,998436,1
37999.100566,4,0,0,998434,1
38001.812200,4,0,0,998432,1
38003.926900,4,0,0,998430,1
38005.843159,4,0,0,998428,1
38011.556409,4,0,0,998426,1
38013.051896,4,0,0,998424,1
38020.947064,4,0,0,998422,1
38022.619908,4,0,0,998420,1
38026.374735,4,0,0,998418,1
38029.573880,4,0,0,998416,1
38038.815927,4,0,0,998414,1
38049.297094,4,0,0,998412,1
38050.271316,4,0,0,998411,1
38054.479230,4,0,0,998408,1
38065.400549,4,0,0,998406,1
38068.224583,4,0,0,998404,1
38080.410522,4,0,0,998402,1
38081.974077,4,0,0,998400,1
38086.460661,4,0,0,998398,1
38091.943951,4,0,0,998396,1
38093.182149,4,0,0,998395,1
38093.248415,4,0,0,998394,1
38095.825287,4,0,0,998390,1
38109.153953,4,0,0,998388,1
38111.162098,4,0,0,998386,1
38118.394076,4,0,0,998384,1
38119.312086,4,0,0,998383,1
38121.312414,4,0,0,998381,1
38122.058971,4,0,0,998379,1
38128.088935,4,0,0,998376,1
38133.832906,4,0,0,998374,1
38139.408046,4,0,0,998372,1
38140.804860,4,0,0,998371,1
38146.439645,4,0,0,998368,1
38147.672222,4,0,0,998367,1
38150.314487,4,0,0,998364,1
38152.537623,4,0,0,998363,1
38154.635959,4,0,0,998361,1
38154.919813,4,0,0,998360,1
38159.693659,4,0,0,998356,1
38165.566672,4,0,0,998354,1
38170.111749,4,0,0,998352,1
38175.106911,4,0,0,998350,1
38175.997225,4,0,0,998349,1
38176.770955,4,0,0,998348,1
38180.221670,4,0,0,998345,1
38190.174141,4,0,0,998342,1
38191.145838,4,0,0,998341,1
38194.116406,4,0,0,998339,1
38196.794389,4,0,0,998337,1
38200.081787,4,0,0,998335,1
38200.923801,4,0,0,998333,1
38202.927674,4,0,0,998331,1
38204.379118,4,0,0,998329,1
38213.276050,4,0,0,998327,1
38220.977111,4,0,0,998325,1
38223.635938,4,0,0,998323,1
38228.100386,4,0,0,998321,1
38228.851795,4,0,0,998320,1
38232.257837,4,0,0,998317,1
38233.941941,4,0,0,998315,1
38243.328058,4,0,0,998313,1
38248.650674,4,0,0,998311,1
38253.448292,4,0,0,998309,1
38254.085214,4,0,0,998308,1
38257.125237,4,0,0,998305,1
38277.729290,4,0,0,998303,1
38291.888996,4,0,0,998301,1
38296.840496,4,0,0,998299,1
38297.627046,4,0,0,998298,1
38302.498960,4,0,0,998295,1
38306.485157,4,0,0,998293,1
38309.507858,4,0,0,998291,1
38312.178357,4,0,0,998289,1
38316.549508,4,0,0,998287,1
38325.616782,4,0,0,998285,1
38332.264752,4,0,0,998283,1
38336.404132,4,0,0,998281,1
38348.766793,4,0,0,998279,1
38349.086721,4,0,0,998278,1
38371.790729,4,0,0,998275,1
38372.051002,4,0,0,998274,1
38373.114615,4,0,0,998272,1
38375.741151,4,0,0,998269,1
38376.284822,4,0,0,998268,1
38380.956268,4,0,0,998265,1
38381.191360,4,0,0,998265,1
38382.792406,4,0,0,998262,1
38383.093445,4,0,0,998261,1
38388.904841,4,0,0,998257,1
38394.181938,4,0,0,998255,1
38396.456019,4,0,0,998253,1
38397.452621,4,0,0,998252,1
38404.022181,4,0,0,998249,1
38406.011092,4,0,0,998247,1
38413.593202,4,0,0,998245,1
38416.792156,4,0,0,998243,1
38420.357323,4,0,0,998241,1
38420.495487,4,0,0,998241,1
38425.435505,4,0,0,998237,1
38427.499477,4,0,0,998236,1
38428.743868,4,0,0,998234,1
38431.463474,4,0,0,998231,1
38433.767547,4,0,0,998230,1
38436.800362,4,0,0,998227,1
38455.377922,4,0,0,998225,1
38457.543985,4,0,0,998224,1
38464.661581,4,0,0,998221,1
38468.507936,4,0,0,998219,1
38479.021101,4,0,0,998217,1
38481.116805,4,0,0,998216,1
38482.463449,4,0,0,998214,1
38494.027871,4,0,0,998211,1
38494.240630,4,0,0,998211,1
38508.632807,4,0,0,998207,1
38512.518218,4,0,0,998206,1
38514.775273,4,0,0,998204,1
38540.151514,4,0,0,998202,1
38540.438959,4,0,0,998201,1
38543.914645,4,0,0,998198,1
38544.065649,4,0,0,998197,1
38548.112914,4,0,0,998194,1
38549.064241,4,0,0,998192,1
38553.829175,4,0,0,998190,1
38572.754663,4,0,0,998188,1
38582.690669,4,0,0,998186,1
38585.564315,4,0,0,998184,1
38591.456053,4,0,0,998182,1
38598.638900,4,0,0,998180,1
38601.903096,4,0,0,998178,1
38605.497212,4,0,0,998176,1
38606.278466,4,0,0,998175,1
38608.482445,4,0,0,998172,1
38609.215740,4,0,0,998171,1
38615.419675,4,0,0,998168,1
38618.518065,4,0,0,998166,1
38621.365992,4,0,0,998164,1
38631.745948,4,0,0,998162,1
38635.330800,4,0,0,998160,1
38637.845524,4,0,0,998158,1
38639.342592,4,0,0,998156,1
38639.699833,4,0,0,998156,1
38642.288292,4,0,0,998152,1
38642.413007,4,0,0,998152,1
38644.057886,4,0,0,998149,1
38647.404798,4,0,0,998146,1
38663.558464,4,0,0,998144,1
38664.112183,4,0,0,998143,1
38669.455844,4,0,0,998140,1
38672.768441,4,0,0,998138,1
38679.943336,4,0,0,998136,1
38680.684360,4,0,0,998135,1
38681.099593,4,0,0,998134,1
38683.535118,4,0,0,998130,1
38691.156175,4,0,0,998128,1
38692.173321,4,0,0,998127,1
38699.152398,4,0,0,998124,1
38700.791508,4,0,0,998123,1
38701.960142,4,0,0,998121,1
38702.040717,4,0,0,998121,1
38704.471793,4,0,0,998117,1
38706.765149,4,0,0,998114,1
38711.912659,4,0,0,998112,1
38712.264270,4,0,0,998112,1
38713.055776,4,0,0,998110,1
38713.135673,4,0,0,998110,1
38713.713138,4,0,0,998107,1
38718.755786,4,0,0,998102,1
38721.218746,4,0,0,998100,1
38723.069433,4,0,0,998099,1
38726.971090,4,0,0,998096,1
38751.013959,4,0,0,998094,1
38759.611758,4,0,0,998092,1
38765.360747,4,0,0,998090,1
38777.330797,4,0,0,998088,1
38777.524576,4,0,0,998088,1
38777.873178,4,0,0,998087,1
38780.944165,4,0,0,998083,1
38782.997189,4,0,0,998081,1
38796.231238,4,0,0,998078,1
38799.445750,4,0,0,998077,1
38803.153912,4,0,0,998075,1
38813.938920,4,0,0,998073,1
38816.767425,4,0,0,998071,1
38826.785591,4,0,0,998069,1
38828.183593,4,0,0,998067,1
38829.712922,4,0,0,998065,1
38831.615528,4,0,0,998063,1
38835.406592,4,0,0,998061,1
38836.595026,4,0,0,998059,1
38841.915180,4,0,0,998057,1
38842.651664,4,0,0,998056,1
38843.124055,4,0,0,998055,1
38852.883366,4,0,0,998051,1
38854.175521,4,0,0,998049,1
38856.507046,4,0,0,998047,1
38860.558397,4,0,0,998045,1
38864.124899,4,0,0,998043,1
38864.502849,4,0,0,998042,1
38874.409272,4,0,0,998039,1
38888.838689,4,0,0,998037,1
38896.840483,4,0,0,998035,1
38898.436039,4,0,0,998033,1
38902.023198,4,0,0,998031,1
38904.005140,4,0,0,998029,1
38907.871843,4,0,0,998027,1
38925.391969,4,0,0,998025,1
38927.177465,4,0,0,998023,1
38932.459473,4,0,0,998021,1
38934.345071,4,0,0,998019,1
38941.464089,4,0,0,998017,1
38943.348572,4,0,0,998015,1
38953.891849,4,0,0,998013,1
38960.551100,4,0,0,998011,1
38967.425428,4,0,0,998009,1
38970.455450,4,0,0,998007,1
38971.586831,4,0,0,998006,1
38971.789310,4,0,0,998005,1
38973.645649,4,0,0,998002,1
38973.826424,4,0,0,998001,1
38979.484499,4,0,0,997997,1
38984.788979,4,0,0,997995,1
38987.479866,4,0,0,997993,1
38994.459185,4,0,0,997991,1
38998.129695,4,0,0,997989,1
38998.324127,4,0,0,997989,1
38999.016207,4,0,0,997987,1
39000.043657,4,0,0,997985,1
39001.998519,4,0,0,997982,1
39002.255353,4,0,0,997981,1
39006.696762,4,0,0,997977,1
39010.126723,4,0,0,997975,1
39014.719943,4,0,0,997973,1
39017.426666,4,0,0,997971,1
39026.422177,4,0,0,997969,1
39029.315246,4,0,0,997967,1
39029.389448,4,0,0,997967,1
39039.255869,4,0,0,997963,1
39044.359474,4,0,0,997961,1
39052.636630,4,0,0,997959,1
39067.129075,4,0,0,997957,1
39067.378850,4,0,0,997957,1
39068.659762,4,0,0,997954,1
39068.972559,4,0,0,997954,1
39071.590038,4,0,0,997950,1
39081.120616,4,0,0,997948,1
39081.527625,4,0,0,997947,1
39084.590493,4,0,0,997944,1
39085.231740,4,0,0,997943,1
39092.317141,4,0,0,997940,1
39101.119558,4,0,0,997938,1
39101.331101,4,0,0,997937,1
39104.516445,4,0,0,997934,1
39105.824550,4,0,0,997932,1
39120.386694,4,0,0,997930,1
39134.155427,4,0,0,997928,1
39138.704778,4,0,0,997926,1
39156.056823,4,0,0,997924,1
39158.078326,4,0,0,997922,1
39168.983035,4,0,0,997920,1
39171.708653,4,0,0,997918,1
39172.994210,4,0,0,997916,1
39186.508733,4,0,0,997914,1
39192.018655,4,0,0,997912,1
39192.339461,4,0,0,997911,1
39202.107364,4,0,0,997908,1
39207.884397,4,0,0,997906,1
39212.323509,4,0,0,997904,1
39218.624352,4,0,0,997902,1
39220.021441,4,0,0,997900,1
39224.407158,4,0,0,997898,1
39232.463098,4,0,0,997896,1
39232.729023,4,0,0,997895,1
39233.397502,4,0,0,997894,1
39242.230874,4,0,0,997890,1
39246.835164,4,0,0,997888,1
39250.457287,4,0,0,997886,1
39251.821526,4,0,0,997885,1
39253.492943,4,0,0,997882,1
39263.345002,4,0,0,997880,1
39265.962547,4,0,0,997878,1
39266.280893,4,0,0,997878,1
39277.145266,4,0,0,997874,1
39278.232135,4,0,0,997873,1
39286.597176,4,0,0,997870,1
39296.803091,4,0,0,997868,1
39299.991321,4,0,0,997866,1
39304.352879,4,0,0,997864,1
39307.934177,4,0,0,997862,1
39312.620263,4,0,0,997860,1
39321.851922,4,0,0,997858,1
39323.436396,4,0,0,997857,1
39333.723241,4,0,0,997854,1
39337.731811,4,0,0,997852,1
39338.316329,4,0,0,997851,1
39339.547073,4,0,0,997849,1
39343.879172,4,0,0,997846,1
39345.187498,4,0,0,997845,1
39345.860955,4,0,0,997844,1
39346.704890,4,0,0,997842,1
39355.612459,4,0,0,997838,1
39360.018495,4,0,0,997836,1
39375.851206,4,0,0,997834,1
39377.878679,4,0,0,997833,1
39382.206552,4,0,0,997830,1
39386.574312,4,0,0,997828,1
39391.145631,4,0,0,997826,1
39391.437213,4,0,0,997826,1
39398.069769,4,0,0,997822,1
39412.221191,4,0,0,997820,1
39415.878024,4,0,0,997819,1
39416.900378,4,0,0,997817,1
39423.583139,4,0,0,997815,1
39423.618252,4,0,0,997814,1
39425.520109,4,0,0,997811,1
39437.452169,4,0,0,997809,1
39441.695012,4,0,0,997807,1
39450.931572,4,0,0,997805,1
39455.367601,4,0,0,997803,1
39463.633297,4,0,0,997801,1
39473.747628,4,0,0,997799,1
39475.598033,4,0,0,997797,1
39476.225153,4,0,0,997796,1
39482.332231,4,0,0,997793,1
39485.106727,4,0,0,997791,1
39485.754498,4,0,0,997790,1
39490.014282,4,0,0,997787,1
39490.189874,4,0,0,997786,1
39491.257589,4,0,0,997784,1
39498.678973,4,0,0,997781,1
39498.737148,4,0,0,997781,1
39500.464955,4,0,0,997778,1
39500.568240,4,0,0,997777,1
39529.178832,4,0,0,997773,1
39533.348644,4,0,0,997771,1
39535.008532,4,0,0,997769,1
39547.648591,4,0,0,997767,1
39551.030386,4,0,0,997765,1
39553.929001,4,0,0,997763,1
39558.166090,4,0,0,997761,1
39559.632174,4,0,0,997759,1
39561.373329,4,0,0,997757,1
39563.594428,4,0,0,997755,1
39564.934294,4,0,0,997754,1
39569.132981,4,0,0,997751,1
39574.822241,4,0,0,997749,1
39575.179147,4,0,0,997748,1
39592.116297,4,0,0,997745,1
39598.801858,4,0,0,997743,1
39606.644588,4,0,0,997741,1
39613.302543,4,0,0,997739,1
39613.701424,4,0,0,997738,1
39616.842811,4,0,0,997735,1
39619.663013,4,0,0,997733,1
39624.998371,4,0,0,997731,1
39627.845070,4,0,0,997729,1
39633.669286,4,0,0,997727,1
39639.140422,4,0,0,997725,1
39644.850193,4,0,0,997723,1
39649.457676,4,0,0,997721,1
39650.240035,4,0,0,997720,1
39657.077660,4,0,0,997717,1
39664.337968,4,0,0,997715,1
39675.544584,4,0,0,997713,1
39676.817361,4,0,0,997712,1
39677.746636,4,0,0,997710,1
39680.117993,4,0,0,997708,1
39681.965430,4,0,0,997706,1
39690.043538,4,0,0,997703,1
39694.587838,4,0,0,997701,1
39701.409490,4,0,0,997699,1
39704.076878,4,0,0,997698,1
39704.577530,4,0,0,997697,1
39705.161681,4,0,0,997695,1
39707.396131,4,0,0,997692,1
39708.426139,4,0,0,997690,1
39716.642740,4,0,0,997688,1
39721.018262,4,0,0,997686,1
39726.598744,4,0,0,997684,1
39729.827746,4,0,0,997682,1
39730.268967,4,0,0,997681,1
39731.549916,4,0,0,997679,1
39734.509488,4,0,0,997676,1
39735.567706,4,0,0,997674,1
39735.691061,4,0,0,997674,1
39741.939023,4,0,0,997670,1
39748.108480,4,0,0,997668,1
39750.025559,4,0,0,997666,1
39758.890842,4,0,0,997664,1
39761.564727,4,0,0,997662,1
39771.125484,4,0,0,997660,1
39776.241114,4,0,0,997658,1
39780.399568,4,0,0,997656,1
39781.470543,4,0,0,997654,1
39785.074942,4,0,0,997652,1
39795.822313,4,0,0,997650,1
39797.561443,4,0,0,997648,1
39807.348595,4,0,0,997646,1
39818.792396,4,0,0,997644,1
39820.705570,4,0,0,997642,1
39826.198211,4,0,0,997640,1
39837.167473,4,0,0,997638,1
39837.543732,4,0,0,997637,1
39847.622670,4,0,0,997634,1
39848.634872,4,0,0,997633,1
39857.695747,4,0,0,997630,1
39862.953602,4,0,0,997628,1
39864.971296,4,0,0,997626,1
39865.755878,4,0,0,997625,1
39870.578300,4,0,0,997622,1
39879.576560,4,0,0,997620,1
39887.822662,4,0,0,997618,1
39892.552499,4,0,0,997616,1
39907.516011,4,0,0,997614,1
39911.776953,4,0,0,997612,1
39912.830648,4,0,0,997611,1
39915.511967,4,0,0,997608,1
39917.474622,4,0,0,997606,1
39940.521219,4,0,0,997604,1
39942.808054,4,0,0,997602,1
39966.325657,4,0,0,997600,1
39969.822136,4,0,0,997598,1
39970.725939,4,0,0,997597,1
39971.096394,4,0,0,997596,1
39973.307244,4,0,0,997593,1
39973.936894,4,0,0,997592,1
39978.748156,4,0,0,997588,1
39981.302104,4,0,0,997586,1
40003.773841,4,0,0,997584,1
40016.482075,4,0,0,997582,1
40017.254621,4,0,0,997581,1
40019.655769,4,0,0,997579,1
40022.615143,4,0,0,997577,1
40026.549748,4,0,0,997574,1
40033.795183,4,0,0,997572,1
40036.987542,4,0,0,997571,1
40039.591285,4,0,0,997569,1
40041.043502,4,0,0,997567,1
40052.596490,4,0,0,997564,1
40052.704151,4,0,0,997564,1
40060.930773,4,0,0,997561,1
40061.928990,4,0,0,997559,1
40067.462262,4,0,0,997557,1
40069.559868,4,0,0,997555,1
40087.044488,4,0,0,997553,1
40087.670613,4,0,0,997552,1
40088.663541,4,0,0,997550,1
40099.190149,4,0,0,997547,1
40103.375727,4,0,0,997545,1
40105.144193,4,0,0,997543,1
40105.147849,4,0,0,997543,1
40106.382283,4,0,0,997540,1
40107.133345,4,0,0,997538,1
40108.220532,4,0,0,997536,1
40119.054262,4,0,0,997533,1
40128.921672,4,0,0,997531,1
40134.681276,4,0,0,997529,1
40137.720484,4,0,0,997527,1
40146.110580,4,0,0,997525,1
40149.384090,4,0,0,997523,1
40151.543469,4,0,0,997521,1
40153.084617,4,0,0,997519,1
40165.449604,4,0,0,997517,1
40167.788806,4,0,0,997515,1
40171.034470,4,0,0,997513,1
40172.437960,4,0,0,997511,1
40182.774863,4,0,0,997509,1
40185.085101,4,0,0,997507,1
40186.773475,4,0,0,997505,1
40192.817369,4,0,0,997503,1
40193.829752,4,0,0,997502,1
40194.430988,4,0,0,997500,1
40203.101867,4,0,0,997497,1
40209.617528,4,0,0,997495,1
40213.885439,4,0,0,997493,1
40215.215469,4,0,0,997492,1
40219.881542,4,0,0,997489,1
40224.743247,4,0,0,997487,1
40226.640220,4,0,0,997485,1
40226.974221,4,0,0,997485,1
40237.130583,4,0,0,997481,1
40240.075570,4,0,0,997479,1
40246.974947,4,0,0,997477,1
40248.374915,4,0,0,997476,1
40252.652954,4,0,0,997473,1
40255.329790,4,0,0,997471,1
40257.631024,4,0,0,997469,1
40258.278673,4,0,0,997468,1
40259.617392,4,0,0,997466,1
40260.012536,4,0,0,997465,1
40261.737000,4,0,0,997462,1
40268.207458,4,0,0,997459,1
40272.770220,4,0,0,997457,1
40278.104680,4,0,0,997455,1
40278.144920,4,0,0,997455,1
40283.567233,4,0,0,997451,1
40286.910981,4,0,0,997449,1
40288.165948,4,0,0,997448,1
40289.084886,4,0,0,997446,1
40290.062617,4,0,0,997445,1
40298.951349,4,0,0,997441,1
40318.313687,4,0,0,997439,1
40330.026527,4,0,0,997437,1
40332.066364,4,0,0,997436,1
40339.308776,4,0,0,997434,1
40343.088131,4,0,0,997432,1
40351.191314,4,0,0,997430,1
40354.351466,4,0,0,997428,1
40358.612737,4,0,0,997426,1
40366.010746,4,0,0,997424,1
40366.515616,4,0,0,997423,1
40370.196424,4,0,0,997420,1
40372.374575,4,0,0,997418,1
40376.806191,4,0,0,997416,1
40392.051418,4,0,0,997414,1
40394.436326,4,0,0,997412,1
40396.822416,4,0,0,997410,1
40404.296834,4,0,0,997408,1
40409.248237,4,0,0,997406,1
40411.641506,4,0,0,997404,1
40417.223675,4,0,0,997402,1
40419.697408,4,0,0,997400,1
40420.396786,4,0,0,997399,1
40423.260041,4,0,0,997396,1
40425.205958,4,0,0,997394,1
40426.381172,4,0,0,997393,1
40438.812287,4,0,0,997390,1
40444.404984,4,0,0,997388,1
40448.770785,4,0,0,997386,1
40455.333786,4,0,0,997384,1
40459.066119,4,0,0,997382,1
40464.829611,4,0,0,997380,1
40477.579255,4,0,0,997378,1
40487.067461,4,0,0,997376,1
40487.943407,4,0,0,997375,1
40489.403009,4,0,0,997373,1
40489.758180,4,0,0,997372,1
40508.150532,4,0,0,997368,1
40509.439652,4,0,0,997367,1
40514.604782,4,0,0,997364,1
40515.053647,4,0,0,997363,1
40516.185067,4,0,0,997361,1
40519.525388,4,0,0,997358,1
40520.055393,4,0,0,997357,1
40522.409310,4,0,0,997354,1
40526.100253,4,0,0,997352,1
40528.080657,4,0,0,997350,1
40531.960611,4,0,0,997348,1
40535.638955,4,0,0,997346,1
40538.006478,4,0,0,997344,1
40543.702404,4,0,0,997342,1
40549.126285,4,0,0,997340,1
40554.683136,4,0,0,997338,1
40558.623651,4,0,0,997336,1
40560.742584,4,0,0,997335,1
40565.281772,4,0,0,997332,1
40578.401724,4,0,0,997330,1
40582.744555,4,0,0,997328,1
40601.347067,4,0,0,997326,1
40604.127200,4,0,0,997324,1
40610.559083,4,0,0,997322,1
40610.742296,4,0,0,997322,1
40617.658991,4,0,0,997318,1
40621.150281,4,0,0,997316,1
40621.175762,4,0,0,997316,1
40622.727459,4,0,0,997313,1
40626.385867,4,0,0,997311,1
40633.368767,4,0,0,997308,1
40633.629535,4,0,0,997308,1
40637.436358,4,0,0,997305,1
40645.153301,4,0,0,997303,1
40650.165759,4,0,0,997301,1
40662.976868,4,0,0,997299,1
40663.348137,4,0,0,997298,1
40664.897232,4,0,0,997295,1
40676.924871,4,0,0,997293,1
40683.847228,4,0,0,997291,1
40688.223995,4,0,0,997289,1
40696.778144,4,0,0,997287,1
40707.599025,4,0,0,997285,1
40724.814741,4,0,0,997283,1
40755.961488,4,0,0,997281,1
40756.680473,4,0,0,997280,1
40757.030148,4,0,0,997279,1
40757.394887,4,0,0,997278,1
40757.465887,4,0,0,997277,1
40774.526402,4,0,0,997271,1
40775.002312,4,0,0,997270,1
40783.814223,4,0,0,997267,1
40789.338622,4,0,0,997265,1
40792.534368,4,0,0,997263,1
40794.569266,4,0,0,997261,1
40796.655310,4,0,0,997259,1
40798.054959,4,0,0,997257,1
40809.619313,4,0,0,997255,1
40815.801399,4,0,0,997253,1
40815.926959,4,0,0,997253,1
40818.885814,4,0,0,997249,1
40820.464710,4,0,0,997247,1
40820.605213,4,0,0,997247,1
40830.930304,4,0,0,997243,1
40837.976295,4,0,0,997241,1
40839.888688,4,0,0,997239,1
40847.500251,4,0,0,997237,1
40849.376434,4,0,0,997235,1
40851.135472,4,0,0,997233,1
40863.719325,4,0,0,997231,1
40881.733341,4,0,0,997229,1
40885.277250,4,0,0,997227,1
40899.785528,4,0,0,997225,1
40910.250024,4,0,0,997223,1
40913.738844,4,0,0,997221,1
40915.968275,4,0,0,997219,1
40921.891162,4,0,0,997217,1
40924.798123,4,0,0,997215,1
40929.240696,4,0,0,997213,1
40951.451626,4,0,0,997211,1
40958.558767,4,0,0,997209,1
40960.503657,4,0,0,997208,1
40960.949203,4,0,0,997207,1
40961.926481,4,0,0,997205,1
40965.503578,4,0,0,997201,1
40968.083553,4,0,0,997199,1
40975.792459,4,0,0,997197,1
40988.727555,4,0,0,997195,1
40989.663720,4,0,0,997194,1
40999.064020,4,0,0,997191,1
41014.148657,4,0,0,997189,1
41029.472036,4,0,0,997187,1
41029.656535,4,0,0,997187,1
41029.940027,4,0,0,997186,1
41029.967819,4,0,0,997186,1
41031.760113,4,0,0,997181,1
41032.034054,4,0,0,997180,1
41033.697232,4,0,0,997176,1
41035.800825,4,0,0,997174,1
41050.485544,4,0,0,997172,1
41053.583367,4,0,0,997170,1
41055.141936,4,0,0,997168,1
41058.483996,4,0,0,997166,1
41063.412284,4,0,0,997164,1
41063.976010,4,0,0,997163,1
41070.759176,4,0,0,997160,1
41079.889821,4,0,0,997158,1
41088.778241,4,0,0,997156,1
41099.351090,4,0,0,997154,1
41101.650327,4,0,0,997152,1
41104.454450,4,0,0,997150,1
41104.966480,4,0,0,997149,1
41106.189845,4,0,0,997147,1
41123.166357,4,0,0,997144,1
41124.767404,4,0,0,997142,1
41136.141053,4,0,0,997140,1
41146.715886,4,0,0,997138,1
41158.940905,4,0,0,997136,1
41159.752454,4,0,0,997135,1
41169.876258,4,0,0,997132,1
41174.654627,4,0,0,997130,1
41175.785182,4,0,0,997129,1
41177.808542,4,0,0,997126,1
41178.641489,4,0,0,997125,1
41181.450281,4,0,0,997122,1
41181.868498,4,0,0,997121,1
41182.732269,4,0,0,997119,1
41183.782172,4,0,0,997117,1
41189.396294,4,0,0,997114,1
41193.472933,4,0,0,997112,1
41203.348966,4,0,0,997110,1
41204.690009,4,0,0,997109,1
41209.437473,4,0,0,997106,1
41209.604955,4,0,0,997106,1
41213.075620,4,0,0,997102,1
41222.585090,4,0,0,997100,1
41242.389141,4,0,0,997098,1
41242.436568,4,0,0,997098,1
41243.829833,4,0,0,997095,1
41245.041128,4,0,0,997093,1
41245.273936,4,0,0,997092,1
41245.322810,4,0,0,997092,1
41248.543227,4,0,0,997086,1
41248.765731,4,0,0,997086,1
41250.324894,4,0,0,997083,1
41255.208050,4,0,0,997080,1
41256.876847,4,0,0,997079,1
41258.378904,4,0,0,997077,1
41262.647119,4,0,0,997074,1
41264.936249,4,0,0,997073,1
41270.731609,4,0,0,997070,1
41274.007941,4,0,0,997068,1
41278.802108,4,0,0,997066,1
41280.886277,4,0,0,997065,1
41282.503521,4,0,0,997063,1
41283.186847,4,0,0,997062,1
41296.407836,4,0,0,997058,1
41304.217946,4,0,0,997056,1
41317.511515,4,0,0,997054,1
41318.491578,4,0,0,997053,1
41331.423343,4,0,0,997051,1
41344.544556,4,0,0,997049,1
41346.138395,4,0,0,997047,1
41347.673154,4,0,0,997045,1
41351.505251,4,0,0,997043,1
41352.484779,4,0,0,997041,1
41355.274280,4,0,0,997039,1
41356.253974,4,0,0,997037,1
41370.329073,4,0,0,997035,1
41373.583642,4,0,0,997033,1
41389.462586,4,0,0,997031,1
41394.412148,4,0,0,997029,1
41397.577753,4,0,0,997027,1
41413.985299,4,0,0,997025,1
41414.723994,4,0,0,997024,1
41419.506715,4,0,0,997021,1
41424.690047,4,0,0,997019,1
41427.409285,4,0,0,997017,1
41427.701782,4,0,0,997016,1
41430.945955,4,0,0,997013,1
41433.936987,4,0,0,997011,1
41441.794132,4,0,0,997009,1
41443.211895,4,0,0,997007,1
41445.585853,4,0,0,997005,1
41446.898744,4,0,0,997003,1
41452.442471,4,0,0,997001,1
41474.399797,4,0,0,996999,1
41475.333432,4,0,0,996998,1
41483.568743,4,0,0,996995,1
41484.824207,4,0,0,996994,1
41485.109689,4,0,0,996993,1
41485.824049,4,0,0,996991,1
41498.900821,4,0,0,996987,1
41509.388659,4,0,0,996985,1
41511.020787,4,0,0,996983,1
41525.131274,4,0,0,996981,1
41534.197294,4,0,0,996979,1
41536.923418,4,0,0,996977,1
41539.940577,4,0,0,996975,1
41544.691205,4,0,0,996973,1
41545.513427,4,0,0,996972,1
41545.584613,4,0,0,996972,1
41547.059633,4,0,0,996968,1
41547.134030,4,0,0,996968,1
41552.499051,4,0,0,996963,1
41556.331545,4,0,0,996961,1
41558.186611,4,0,0,996960,1
41565.428540,4,0,0,996957,1
41566.181739,4,0,0,996956,1
41567.524342,4,0,0,996954,1
41569.177049,4,0,0,996952,1
41570.219430,4,0,0,996950,1
41570.659419,4,0,0,996949,1
41580.410799,4,0,0,996945,1
41580.852099,4,0,0,996945,1
41586.354342,4,0,0,996941,1
41586.967563,4,0,0,996940,1
41587.018980,4,0,0,996940,1
41590.913682,4,0,0,996935,1
41602.272535,4,0,0,996933,1
41611.686172,4,0,0,996931,1
41613.661133,4,0,0,996930,1
41613.792748,4,0,0,996929,1
41621.506444,4,0,0,996925,1
41629.344781,4,0,0,996923,1
41639.041767,4,0,0,996922,1
41644.336058,4,0,0,996920,1
41652.218798,4,0,0,996918,1
41663.107044,4,0,0,996916,1
41665.998107,4,0,0,996914,1
41669.898827,4,0,0,996912,1
41673.271046,4,0,0,996910,1
41678.899990,4,0,0,996908,1
41684.390105,4,0,0,996906,1
41687.901602,4,0,0,996904,1
41696.328677,4,0,0,996902,1
41699.697493,4,0,0,996900,1
41708.025025,4,0,0,996898,1
41709.607539,4,0,0,996896,1
41710.547369,4,0,0,996895,1
41727.288137,4,0,0,996892,1
41733.762941,4,0,0,996890,1
41735.200878,4,0,0,996888,1
41739.361610,4,0,0,996886,1
41754.212773,4,0,0,996884,1
41754.615255,4,0,0,996883,1
41755.032217,4,0,0,996882,1
41759.646398,4,0,0,996878,1
41760.861660,4,0,0,996876,1
41767.787655,4,0,0,996874,1
41771.801339,4,0,0,996872,1
41777.045848,4,0,0,996870,1
41777.591153,4,0,0,996869,1
41778.012022,4,0,0,996868,1
41782.701929,4,0,0,996864,1
41785.221837,4,0,0,996862,1
41785.658232,4,0,0,996861,1
41787.874841,4,0,0,996858,1
41793.205411,4,0,0,996856,1
41794.210223,4,0,0,996855,1
41805.016671,4,0,0,996852,1
41819.321608,4,0,0,996850,1
41834.899547,4,0,0,996848,1
41841.159622,4,0,0,996846,1
41843.651731,4,0,0,996844,1
41850.160172,4,0,0,996842,1
41851.783742,4,0,0,996841,1
41853.588125,4,0,0,996839,1
41858.038981,4,0,0,996836,1
41862.357667,4,0,0,996834,1
41872.439485,4,0,0,996832,1
41873.844017,4,0,0,996831,1
41880.790502,4,0,0,996828,1
41894.320018,4,0,0,996826,1
41894.324958,4,0,0,996826,1
41897.414911,4,0,0,996822,1
41902.530192,4,0,0,996820,1
41911.390258,4,0,0,996818,1
41912.360701,4,0,0,996817,1
41921.629353,4,0,0,996814,1
41923.795321,4,0,0,996813,1
41934.445944,4,0,0,996810,1
41934.580276,4,0,0,996810,1
41935.006928,4,0,0,996809,1
41954.055976,4,0,0,996804,1
41958.550764,4,0,0,996802,1
41961.135087,4,0,0,996801,1
41962.021219,4,0,0,996799,1
41967.038019,4,0,0,996797,1
41967.218110,4,0,0,996796,1
41969.002988,4,0,0,996793,1
41970.870974,4,0,0,996791,1
41975.340612,4,0,0,996789,1
41980.370128,4,0,0,996787,1
41989.314260,4,0,0,996785,1
42001.863126,4,0,0,996783,1
42007.026275,4,0,0,996781,1
42011.152191,4,0,0,996779,1
42013.583715,4,0,0,996777,1
42029.833676,4,0,0,996775,1
42030.633511,4,0,0,996774,1
42041.410605,4,0,0,996771,1
42043.191312,4,0,0,996769,1
42046.992157,4,0,0,996767,1
42052.469617,4,0,0,996765,1
42053.759273,4,0,0,996763,1
42054.636912,4,0,0,996762,1
42058.031939,4,0,0,996759,1
42065.534450,4,0,0,996757,1
42071.170080,4,0,0,996755,1
42071.775550,4,0,0,996754,1
42082.817517,4,0,0,996751,1
42085.940873,4,0,0,996749,1
42099.952877,4,0,0,996747,1
42103.806357,4,0,0,996745,1
42104.229935,4,0,0,996744,1
42105.311301,4,0,0,996742,1
42114.516529,4,0,0,996739,1
42120.366907,4,0,0,996737,1
42131.137294,4,0,0,996735,1
42133.045488,4,0,0,996733,1
42136.634213,4,0,0,996731,1
42141.657803,4,0,0,996729,1
42145.969931,4,0,0,996727,1
42147.228345,4,0,0,996726,1
42149.888691,4,0,0,996723,1
42151.251790,4,0,0,996722,1
42160.182291,4,0,0,996719,1
42180.823750,4,0,0,996717,1
42181.153045,4,0,0,996717,1
42187.135271,4,0,0,996713,1
42189.050379,4,0,0,996711,1
42193.744295,4,0,0,996709,1
42195.171511,4,0,0,996708,1
42200.203442,4,0,0,996705,1
42202.420684,4,0,0,996703,1
42204.090354,4,0,0,996702,1
42215.694908,4,0,0,996699,1
42229.346352,4,0,0,996697,1
42233.890951,4,0,0,996695,1
42235.044813,4,0,0,996694,1
42248.446843,4,0,0,996691,1
42255.082009,4,0,0,996689,1
42261.729379,4,0,0,996687,1
42262.866558,4,0,0,996686,1
42271.340915,4,0,0,996683,1
42272.653322,4,0,0,996682,1
42277.426832,4,0,0,996679,1
42283.356077,4,0,0,996677,1
42289.839110,4,0,0,996675,1
42292.203921,4,0,0,996674,1
42299.022061,4,0,0,996671,1
42310.170855,4,0,0,996669,1
42314.402709,4,0,0,996668,1
42314.855667,4,0,0,996667,1
42315.515717,4,0,0,996665,1
42316.047372,4,0,0,996664,1
42316.953761,4,0,0,996661,1
42317.599864,4,0,0,996659,1
42324.800619,4,0,0,996656,1
42324.992819,4,0,0,996655,1
42326.314439,4,0,0,996653,1
42336.412254,4,0,0,996650,1
42353.769976,4,0,0,996648,1
42358.215082,4,0,0,996646,1
42376.090746,4,0,0,996644,1
42376.303092,4,0,0,996643,1
42390.488160,4,0,0,996640,1
42392.270832,4,0,0,996638,1
42399.939459,4,0,0,996636,1
42407.893607,4,0,0,996634,1
42417.291578,4,0,0,996632,1
42420.224137,4,0,0,996630,1
42432.979607,4,0,0,996628,1
42434.405298,4,0,0,996626,1
42447.430193,4,0,0,996624,1
42452.044183,4,0,0,996622,1
42472.262698,4,0,0,996620,1
42472.421339,4,0,0,996620,1
42478.595141,4,0,0,996616,1
42482.580152,4,0,0,996614,1
42485.821512,4,0,0,996612,1
42487.255747,4,0,0,996610,1
42489.147472,4,0,0,996608,1
42490.519166,4,0,0,996607,1
42491.702327,4,0,0,996605,1
42499.387341,4,0,0,996602,1
42502.723536,4,0,0,996600,1
42503.138702,4,0,0,996599,1
42510.311153,4,0,0,996596,1
42513.957417,4,0,0,996594,1
42520.385187,4,0,0,996592,1
42523.847908,4,0,0,996590,1
42526.289223,4,0,0,996588,1
42546.778609,4,0,0,996586,1
42546.915552,4,0,0,996586,1
42559.819378,4,0,0,996582,1
42572.589382,4,0,0,996580,1
42574.959323,4,0,0,996578,1
42576.113168,4,0,0,996577,1
42580.728334,4,0,0,996574,1
42581.665124,4,0,0,996573,1
42589.435535,4,0,0,996570,1
42590.835793,4,0,0,996569,1
42592.478327,4,0,0,996567,1
42604.313303,4,0,0,996564,1
42615.461159,4,0,0,996562,1
42619.125207,4,0,0,996560,1
42628.621154,4,0,0,996558,1
42630.698957,4,0,0,996557,1
42660.135914,4,0,0,996554,1
42662.853885,4,0,0,996553,1
42664.523495,4,0,0,996551,1
42664.726469,4,0,0,996550,1
42686.601120,4,0,0,996546,1
42689.589951,4,0,0,996545,1
42695.930433,4,0,0,996542,1
42700.824662,4,0,0,996540,1
42706.962540,4,0,0,996539,1
42707.213315,4,0,0,996538,1
42719.289012,4,0,0,996535,1
42731.789300,4,0,0,996533,1
42735.627406,4,0,0,996531,1
42751.506100,4,0,0,996529,1
42753.082698,4,0,0,996527,1
42757.488289,4,0,0,996525,1
42759.901937,4,0,0,996523,1
42764.628993,4,0,0,996521,1
42766.338219,4,0,0,996519,1
42774.517948,4,0,0,996517,1
42774.863736,4,0,0,996516,1
42775.068223,4,0,0,996515,1
42775.310368,4,0,0,996514,1
42776.089768,4,0,0,996511,1
42778.494616,4,0,0,996507,1
42793.359446,4,0,0,996505,1
42793.920752,4,0,0,996504,1
42798.905599,4,0,0,996501,1
42802.490478,4,0,0,996499,1
42804.573524,4,0,0,996497,1
42805.629403,4,0,0,996496,1
42806.820690,4,0,0,996494,1
42807.034885,4,0,0,996493,1
42813.004362,4,0,0,996489,1
42818.075248,4,0,0,996487,1
42820.879067,4,0,0,996485,1
42826.945772,4,0,0,996483,1
42827.502675,4,0,0,996482,1
42840.849813,4,0,0,996479,1
42849.843010,4,0,0,996477,1
42854.986182,4,0,0,996475,1
42857.262190,4,0,0,996473,1
42859.837774,4,0,0,996471,1
42862.983383,4,0,0,996469,1
42876.069796,4,0,0,996467,1
42885.592091,4,0,0,996465,1
42888.698813,4,0,0,996463,1
42892.563919,4,0,0,996461,1
42902.519118,4,0,0,996459,1
42916.768910,4,0,0,996457,1
42921.641591,4,0,0,996455,1
42928.239870,4,0,0,996453,1
42930.310977,4,0,0,996451,1
42942.267580,4,0,0,996449,1
42950.931258,4,0,0,996447,1
42954.770013,4,0,0,996445,1
42964.435810,4,0,0,996443,1
42973.499962,4,0,0,996441,1
42981.398457,4,0,0,996439,1
42982.067938,4,0,0,996438,1
42985.738386,4,0,0,996435,1
42996.782323,4,0,0,996433,1
43003.824693,4,0,0,996431,1
43006.434370,4,0,0,996429,1
43024.652341,4,0,0,996427,1
43026.032391,4,0,0,996426,1
43027.972500,4,0,0,996424,1
43042.711546,4,0,0,996421,1
43050.617630,4,0,0,996419,1
43061.640267,4,0,0,996417,1
43061.695989,4,0,0,996417,1
43063.979184,4,0,0,996414,1
43065.262910,4,0,0,996412,1
43066.940139,4,0,0,996410,1
43073.342440,4,0,0,996408,1
43079.497464,4,0,0,996406,1
43082.458789,4,0,0,996404,1
43084.631598,4,0,0,996402,1
43088.831946,4,0,0,996400,1
43092.478812,4,0,0,996398,1
43096.301839,4,0,0,996396,1
43100.870333,4,0,0,996394,1
43103.277536,4,0,0,996392,1
43110.338436,4,0,0,996390,1
43111.721230,4,0,0,996388,1
43116.818710,4,0,0,996386,1
43132.252633,4,0,0,996384,1
43132.269655,4,0,0,996384,1
43138.412156,4,0,0,996380,1
43138.963793,4,0,0,996379,1
43142.715121,4,0,0,996376,1
43147.427970,4,0,0,996374,1
43148.758350,4,0,0,996372,1
43160.476971,4,0,0,996370,1
43165.131200,4,0,0,996368,1
43166.391056,4,0,0,996366,1
43173.418855,4,0,0,996364,1
43173.951817,4,0,0,996363,1
43177.824513,4,0,0,996360,1
43178.301422,4,0,0,996359,1
43182.459288,4,0,0,996356,1
43183.853439,4,0,0,996354,1
43188.864312,4,0,0,996352,1
43194.878374,4,0,0,996350,1
43198.428611,4,0,0,996348,1
43203.550602,4,0,0,996346,1
43211.572490,4,0,0,996344,1
43219.448605,4,0,0,996342,1
43224.069658,4,0,0,996340,1
43226.936910,4,0,0,996338,1
43229.442415,4,0,0,996336,1
43239.372504,4,0,0,996334,1
43245.174436,4,0,0,996332,1
43246.151886,4,0,0,996331,1
43250.138854,4,0,0,996328,1
43261.585943,4,0,0,996326,1
43262.366665,4,0,0,996325,1
43271.294155,4,0,0,996322,1
43279.496271,4,0,0,996320,1
43282.803219,4,0,0,996318,1
43282.986333,4,0,0,996318,1
43283.749150,4,0,0,996316,1
43295.982453,4,0,0,996312,1
43296.198315,4,0,0,996312,1
43298.425841,4,0,0,996309,1
43303.038827,4,0,0,996306,1
43304.087253,4,0,0,996305,1
43323.052012,4,0,0,996302,1
43323.862573,4,0,0,996301,1
43327.571048,4,0,0,996298,1
43332.171150,4,0,0,996296,1
43333.426623,4,0,0,996295,1
43336.428168,4,0,0,996293,1
43339.656216,4,0,0,996291,1
43346.616500,4,0,0,996288,1
43351.424651,4,0,0,996286,1
43354.437325,4,0,0,996285,1
43359.692649,4,0,0,996283,1
43362.579753,4,0,0,996281,1
43366.145345,4,0,0,996279,1
43371.281966,4,0,0,996277,1
43372.237535,4,0,0,996275,1
43379.653240,4,0,0,996273,1
43384.067473,4,0,0,996271,1
43402.847172,4,0,0,996269,1
43404.049445,4,0,0,996267,1
43407.050609,4,0,0,996265,1
43417.853056,4,0,0,996263,1
43422.250085,4,0,0,996261,1
43428.437685,4,0,0,996259,1
43430.989597,4,0,0,996257,1
43436.500905,4,0,0,996255,1
43450.457506,4,0,0,996253,1
43451.525244,4,0,0,996251,1
43459.397710,4,0,0,996249,1
43476.086007,4,0,0,996247,1
43476.156158,4,0,0,996247,1
43477.314537,4,0,0,996244,1
43477.911353,4,0,0,996243,1
43484.883156,4,0,0,996239,1
43485.288045,4,0,0,996238,1
43516.101177,4,0,0,996235,1
43518.460874,4,0,0,996233,1
43529.722626,4,0,0,996231,1
43530.721486,4,0,0,996230,1
43533.500469,4,0,0,996227,1
43542.406168,4,0,0,996225,1
43546.729843,4,0,0,996223,1
43549.694354,4,0,0,996221,1
43553.130085,4,0,0,996219,1
43557.207651,4,0,0,996217,1
43559.981909,4,0,0,996215,1
43561.010204,4,0,0,996214,1
43561.588582,4,0,0,996213,1
43562.372333,4,0,0,996211,1
43562.630065,4,0,0,996210,1
43566.539995,4,0,0,996205,1
43575.536151,4,0,0,996203,1
43577.662830,4,0,0,996201,1
43578.037093,4,0,0,996201,1
43580.688300,4,0,0,996197,1
43585.092224,4,0,0,996195,1
43587.740761,4,0,0,996193,1
43595.697235,4,0,0,996191,1
43609.298022,4,0,0,996189,1
43619.046998,4,0,0,996187,1
43624.866142,4,0,0,996185,1
43627.903557,4,0,0,996183,1
43633.390526,4,0,0,996181,1
43633.455099,4,0,0,996181,1
43652.786876,4,0,0,996177,1
43653.689510,4,0,0,996176,1
43665.004891,4,0,0,996173,1
43672.871025,4,0,0,996171,1
43680.567478,4,0,0,996169,1
43682.064834,4,0,0,996168,1
43683.247296,4,0,0,996166,1
43685.924178,4,0,0,996164,1
43694.972412,4,0,0,996161,1
43697.833374,4,0,0,996160,1
43710.929868,4,0,0,996157,1
43713.008754,4,0,0,996156,1
43717.626166,4,0,0,996154,1
43736.495695,4,0,0,996152,1
43741.425385,4,0,0,996150,1
43741.647969,4,0,0,996149,1
43744.624930,4,0,0,996146,1
43746.573231,4,0,0,996144,1
43750.204478,4,0,0,996142,1
43751.806341,4,0,0,996140,1
43752.429683,4,0,0,996139,1
43757.704371,4,0,0,996136,1
43763.171221,4,0,0,996134,1
43772.819432,4,0,0,996132,1
43773.498207,4,0,0,996131,1
43781.158459,4,0,0,996128,1
43789.538409,4,0,0,996126,1
43794.509672,4,0,0,996124,1
43795.605799,4,0,0,996122,1
43797.054267,4,0,0,996120,1
43799.645691,4,0,0,996118,1
43803.376230,4,0,0,996116,1
43806.478505,4,0,0,996114,1
43809.490369,4,0,0,996112,1
43818.245352,4,0,0,996110,1
43828.001373,4,0,0,996108,1
43836.112677,4,0,0,996106,1
43846.160752,4,0,0,996104,1
43850.206156,4,0,0,996102,1
43866.100806,4,0,0,996100,1
43870.559527,4,0,0,996098,1
43874.986807,4,0,0,996096,1
43876.825340,4,0,0,996094,1
43882.289857,4,0,0,996092,1
43882.544940,4,0,0,996092,1
43883.235657,4,0,0,996090,1
43883.902661,4,0,0,996088,1
43888.992378,4,0,0,996084,1
43889.913843,4,0,0,996083,1
43891.908320,4,0,0,996080,1
43892.124966,4,0,0,996080,1
43893.397528,4,0,0,996077,1
43909.317256,4,0,0,996074,1
43912.718681,4,0,0,996072,1
43913.501568,4,0,0,996071,1
43917.039995,4,0,0,996068,1
43930.776189,4,0,0,996066,1
43940.372397,4,0,0,996064,1
43942.751349,4,0,0,996062,1
43944.347344,4,0,0,996061,1
43951.203538,4,0,0,996058,1
43952.518393,4,0,0,996057,1
43953.920564,4,0,0,996055,1
43954.340407,4,0,0,996054,1
43963.882054,4,0,0,996050,1
43966.721489,4,0,0,996048,1
43970.665221,4,0,0,996046,1
43977.044145,4,0,0,996044,1
43984.654070,4,0,0,996042,1
43987.490123,4,0,0,996040,1
43988.462840,4,0,0,996039,1
43996.897297,4,0,0,996036,1
43997.047812,4,0,0,996036,1
44011.064443,4,0,0,996032,1
44015.176823,4,0,0,996030,1
44025.131442,4,0,0,996028,1
44029.614781,4,0,0,996027,1
44031.000490,4,0,0,996025,1
44032.679042,4,0,0,996023,1
44036.317866,4,0,0,996021,1
44051.959123,4,0,0,996019,1
44052.933996,4,0,0,996017,1
44056.342818,4,0,0,996015,1
44058.356496,4,0,0,996013,1
44065.375842,4,0,0,996011,1
44073.137960,4,0,0,996009,1
44075.779484,4,0,0,996007,1
44076.870806,4,0,0,996005,1
44077.202758,4,0,0,996005,1
44078.261314,4,0,0,996002,1
44079.781378,4,0,0,995999,1
44084.146797,4,0,0,995997,1
44094.013797,4,0,0,995995,1
44094.669760,4,0,0,995994,1
44109.844298,4,0,0,995991,1
44115.338395,4,0,0,995989,1
44121.813656,4,0,0,995987,1
44141.256563,4,0,0,995985,1
44143.828331,4,0,0,995983,1
44147.453471,4,0,0,995981,1
44152.888224,4,0,0,995979,1
44156.326167,4,0,0,995977,1
44158.025015,4,0,0,995975,1
44158.557323,4,0,0,995974,1
44160.160429,4,0,0,995972,1
44167.161699,4,0,0,995969,1
44172.055596,4,0,0,995967,1
44179.780619,4,0,0,995965,1
44183.260403,4,0,0,995963,1
44184.522781,4,0,0,995962,1
44189.249049,4,0,0,995959,1
44190.981385,4,0,0,995957,1
44191.124659,4,0,0,995957,1
44202.292958,4,0,0,995953,1
44204.899801,4,0,0,995951,1
44207.554392,4,0,0,995949,1
44214.016472,4,0,0,995947,1
44228.190922,4,0,0,995945,1
44228.550757,4,0,0,995945,1
44229.456993,4,0,0,995943,1
44231.317061,4,0,0,995940,1
44232.682149,4,0,0,995938,1
44235.952517,4,0,0,995935,1
44244.269173,4,0,0,995933,1
44253.465700,4,0,0,995931,1
44257.795996,4,0,0,995929,1
44259.108897,4,0,0,995928,1
44260.095490,4,0,0,995926,1
44266.597246,4,0,0,995923,1
44267.891564,4,0,0,995922,1
44271.598084,4,0,0,995919,1
44278.210839,4,0,0,995917,1
44279.449306,4,0,0,995916,1
44280.365954,4,0,0,995914,1
44280.559768,4,0,0,995914,1
44281.322956,4,0,0,995911,1
44290.437264,4,0,0,995907,1
44290.965573,4,0,0,995907,1
44292.175608,4,0,0,995904,1
44292.334809,4,0,0,995904,1
44297.727190,4,0,0,995900,1
44298.987098,4,0,0,995898,1
44301.538371,4,0,0,995896,1
44302.255421,4,0,0,995895,1
44304.519027,4,0,0,995892,1
44307.159534,4,0,0,995890,1
44310.221068,4,0,0,995888,1
44312.848342,4,0,0,995886,1
44313.366628,4,0,0,995885,1
44320.445607,4,0,0,995882,1
44321.151036,4,0,0,995881,1
44323.790338,4,0,0,995878,1
44325.307481,4,0,0,995876,1
44327.019275,4,0,0,995874,1
44332.353877,4,0,0,995872,1
44335.840259,4,0,0,995870,1
44336.848020,4,0,0,995868,1
44339.874938,4,0,0,995866,1
44341.857777,4,0,0,995864,1
44347.684965,4,0,0,995862,1
44348.910110,4,0,0,995860,1
44357.821242,4,0,0,995858,1
44361.392058,4,0,0,995856,1
44364.711228,4,0,0,995854,1
44366.109898,4,0,0,995852,1
44367.094511,4,0,0,995851,1
44370.145664,4,0,0,995848,1
44389.302356,4,0,0,995846,1
44389.984023,4,0,0,995845,1
44391.577315,4,0,0,995843,1
44399.285777,4,0,0,995840,1
44404.510121,4,0,0,995838,1
44406.072134,4,0,0,995836,1
44407.878124,4,0,0,995834,1
44410.481494,4,0,0,995832,1
44414.894782,4,0,0,995830,1
44420.968283,4,0,0,995828,1
44430.275005,4,0,0,995826,1
44435.738133,4,0,0,995824,1
44437.030997,4,0,0,995823,1
44449.458618,4,0,0,995820,1
44456.722192,4,0,0,995818,1
44458.477771,4,0,0,995816,1
44460.216707,4,0,0,995815,1
44470.398332,4,0,0,995812,1
44471.042508,4,0,0,995811,1
44475.839954,4,0,0,995808,1
44477.395043,4,0,0,995807,1
44485.786917,4,0,0,995804,1
44487.954074,4,0,0,995802,1
44494.272654,4,0,0,995800,1
44495.294191,4,0,0,995799,1
44498.433269,4,0,0,995796,1
44506.213075,4,0,0,995794,1
44508.630888,4,0,0,995792,1
44509.473262,4,0,0,995791,1
44514.477532,4,0,0,995788,1
44521.168036,4,0,0,995786,1
44522.739564,4,0,0,995785,1
44525.609075,4,0,0,995783,1
44536.636939,4,0,0,995780,1
44546.462768,4,0,0,995778,1
44552.333674,4,0,0,995776,1
44556.606025,4,0,0,995774,1
44564.733746,4,0,0,995772,1
44576.120240,4,0,0,995770,1
44576.132241,4,0,0,995770,1
44578.551953,4,0,0,995767,1
44582.491579,4,0,0,995765,1
44588.820156,4,0,0,995763,1
44589.257704,4,0,0,995762,1
44591.697499,4,0,0,995759,1
44593.265234,4,0,0,995757,1
44595.898046,4,0,0,995755,1
44599.192004,4,0,0,995753,1
44604.348928,4,0,0,995751,1
44607.626324,4,0,0,995749,1
44612.257269,4,0,0,995747,1
44616.431770,4,0,0,995745,1
44619.104735,4,0,0,995743,1
44619.128581,4,0,0,995743,1
44620.162555,4,0,0,995740,1
44622.007474,4,0,0,995737,1
44622.767351,4,0,0,995736,1
44627.131281,4,0,0,995733,1
44631.650583,4,0,0,995731,1
44634.964719,4,0,0,995729,1
44636.814156,4,0,0,995727,1
44641.877010,4,0,0,995725,1
44642.885930,4,0,0,995724,1
44642.914124,4,0,0,995724,1
44649.261040,4,0,0,995719,1
44652.062574,4,0,0,995717,1
44657.783297,4,0,0,995715,1
44658.761383,4,0,0,995714,1
44659.070488,4,0,0,995713,1
44661.340939,4,0,0,995709,1
44667.032562,4,0,0,995707,1
44667.551177,4,0,0,995706,1
44668.592978,4,0,0,995704,1
44671.485115,4,0,0,995701,1
44676.124644,4,0,0,995699,1
44682.753507,4,0,0,995697,1
44683.309116,4,0,0,995696,1
44687.992684,4,0,0,995693,1
44690.334782,4,0,0,995691,1
44695.635499,4,0,0,995689,1
44696.723445,4,0,0,995688,1
44700.311334,4,0,0,995685,1
44701.214460,4,0,0,995684,1
44701.304600,4,0,0,995684,1
44704.494688,4,0,0,995679,1
44705.467699,4,0,0,995678,1
44710.329245,4,0,0,995675,1
44714.005593,4,0,0,995673,1
44721.134543,4,0,0,995671,1
44723.520530,4,0,0,995669,1
44745.278284,4,0,0,995667,1
44748.739239,4,0,0,995665,1
44751.854204,4,0,0,995663,1
44758.470043,4,0,0,995661,1
44762.534197,4,0,0,995659,1
44764.685898,4,0,0,995658,1
44767.897412,4,0,0,995655,1
44768.899577,4,0,0,995654,1
44771.290476,4,0,0,995652,1
44771.435882,4,0,0,995651,1
44774.403691,4,0,0,995648,1
44775.937395,4,0,0,995646,1
44779.513119,4,0,0,995644,1
44779.655128,4,0,0,995643,1
44783.526336,4,0,0,995640,1
44785.183665,4,0,0,995638,1
44789.301844,4,0,0,995636,1
44795.609747,4,0,0,995634,1
44798.384164,4,0,0,995632,1
44803.585463,4,0,0,995630,1
44804.890420,4,0,0,995628,1
44836.298042,4,0,0,995626,1
44837.627989,4,0,0,995624,1
44851.142549,4,0,0,995622,1
44852.313187,4,0,0,995620,1
44855.603203,4,0,0,995618,1
44863.831297,4,0,0,995616,1
44869.858178,4,0,0,995614,1
44875.702920,4,0,0,995612,1
44878.478214,4,0,0,995610,1
44885.185202,4,0,0,995608,1
44897.255412,4,0,0,995606,1
44900.038496,4,0,0,995604,1
44903.626857,4,0,0,995602,1
44903.953412,4,0,0,995601,1
44906.322210,4,0,0,995598,1
44909.332088,4,0,0,995596,1
44920.111501,4,0,0,995594,1
44920.671528,4,0,0,995593,1
44926.950323,4,0,0,995590,1
44930.719324,4,0,0,995588,1
44935.177937,4,0,0,995586,1
44935.322463,4,0,0,995586,1
44936.081047,4,0,0,995584,1
44937.677814,4,0,0,995581,1
44937.701159,4,0,0,995581,1
44942.988383,4,0,0,995576,1
44952.750133,4,0,0,995574,1
44956.534904,4,0,0,995572,1
44960.279704,4,0,0,995570,1
44964.851292,4,0,0,995568,1
44966.571118,4,0,0,995566,1
44968.754916,4,0,0,995564,1
44972.844323,4,0,0,995562,1
44980.762949,4,0,0,995560,1
44981.839125,4,0,0,995559,1
44983.735776,4,0,0,995557,1
44990.228798,4,0,0,995554,1
44992.221631,4,0,0,995552,1
44992.454808,4,0,0,995552,1
44993.267531,4,0,0,995550,1
44994.297639,4,0,0,995548,1
44997.564384,4,0,0,995544,1
45002.383582,4,0,0,995542,1
45012.527212,4,0,0,995540,1
45023.656380,4,0,0,995538,1
45025.410436,4,0,0,995537,1
45032.101991,4,0,0,995534,1
45033.688387,4,0,0,995533,1
45035.886131,4,0,0,995531,1
45037.541626,4,0,0,995529,1
45040.093706,4,0,0,995527,1
45041.249077,4,0,0,995525,1
45043.085421,4,0,0,995523,1
45043.706904,4,0,0,995522,1
45059.468144,4,0,0,995518,1
45062.819617,4,0,0,995517,1
45075.081552,4,0,0,995514,1
45081.635179,4,0,0,995513,1
45084.560279,4,0,0,995511,1
45091.275971,4,0,0,995509,1
45096.003025,4,0,0,995507,1
45097.733665,4,0,0,995505,1
45101.258590,4,0,0,995503,1
45107.213894,4,0,0,995501,1
45108.955222,4,0,0,995499,1
45109.015459,4,0,0,995499,1
45110.508415,4,0,0,995496,1
45118.124371,4,0,0,995493,1
45130.835163,4,0,0,995491,1
45135.527749,4,0,0,995489,1
45136.208872,4,0,0,995488,1
45142.982341,4,0,0,995485,1
45146.559979,4,0,0,995483,1
45153.261021,4,0,0,995481,1
45162.611874,4,0,0,995479,1
45176.702041,4,0,0,995477,1
45181.782566,4,0,0,995475,1
45190.988458,4,0,0,995473,1
45197.475289,4,0,0,995471,1
45203.682856,4,0,0,995469,1
45213.039766,4,0,0,995467,1
45225.295635,4,0,0,995465,1
45236.402269,4,0,0,995463,1
45238.810278,4,0,0,995461,1
45239.229782,4,0,0,995460,1
45247.687764,4,0,0,995457,1
45251.388482,4,0,0,995455,1
45255.121913,4,0,0,995453,1
45263.458097,4,0,0,995451,1
45263.613480,4,0,0,995451,1
45273.667779,4,0,0,995447,1
45273.836264,4,0,0,995447,1
45279.484033,4,0,0,995443,1
45283.716634,4,0,0,995441,1
45288.623409,4,0,0,995439,1
45290.862997,4,0,0,995437,1
45292.403213,4,0,0,995436,1
45295.807260,4,0,0,995433,1
45306.179891,4,0,0,995431,1
45310.161991,4,0,0,995429,1
45315.363177,4,0,0,995427,1
45318.146497,4,0,0,995425,1
45335.261433,4,0,0,995423,1
45341.747046,4,0,0,995421,1
45343.842377,4,0,0,995419,1
45348.908995,4,0,0,995417,1
45352.648069,4,0,0,995415,1
45362.947295,4,0,0,995413,1
45364.484821,4,0,0,995412,1
45365.031485,4,0,0,995411,1
45366.046244,4,0,0,995409,1
45368.385890,4,0,0,995406,1
45377.585279,4,0,0,995403,1
45379.095132,4,0,0,995402,1
45383.800847,4,0,0,995399,1
45388.470787,4,0,0,995397,1
45390.977076,4,0,0,995396,1
45391.223944,4,0,0,995395,1
45397.752662,4,0,0,995391,1
45399.428468,4,0,0,995390,1
45401.857948,4,0,0,995388,1
45404.121724,4,0,0,995386,1
45409.329353,4,0,0,995384,1
45409.760936,4,0,0,995383,1
45413.576634,4,0,0,995380,1
45413.650925,4,0,0,995379,1
45433.138209,4,0,0,995376,1
45437.499321,4,0,0,995374,1
45439.816157,4,0,0,995372,1
45440.574744,4,0,0,995371,1
45446.280253,4,0,0,995368,1
45457.572642,4,0,0,995366,1
45459.402832,4,0,0,995364,1
45466.355531,4,0,0,995362,1
45467.975821,4,0,0,995360,1
45483.041470,4,0,0,995358,1
45488.833501,4,0,0,995356,1
45493.522064,4,0,0,995354,1
45506.283764,4,0,0,995352,1
45507.781815,4,0,0,995350,1
45520.075873,4,0,0,995348,1
45525.493818,4,0,0,995346,1
45532.547270,4,0,0,995344,1
45536.599660,4,0,0,995342,1
45545.180685,4,0,0,995340,1
45550.908376,4,0,0,995338,1
45551.666184,4,0,0,995337,1
45556.197333,4,0,0,995334,1
45557.763072,4,0,0,995332,1
45569.595942,4,0,0,995330,1
45570.652017,4,0,0,995329,1
45572.260370,4,0,0,995326,1
45572.493765,4,0,0,995326,1
45575.330433,4,0,0,995322,1
45579.228587,4,0,0,995320,1
45583.302514,4,0,0,995318,1
45594.573079,4,0,0,995316,1
45596.613242,4,0,0,995314,1
45599.449470,4,0,0,995312,1
45608.557307,4,0,0,995310,1
45612.668010,4,0,0,995308,1
45617.741005,4,0,0,995306,1
45619.300375,4,0,0,995305,1
45622.495320,4,0,0,995302,1
45627.132367,4,0,0,995300,1
45627.816723,4,0,0,995299,1
45627.976674,4,0,0,995299,1
45628.552060,4,0,0,995297,1
45631.654547,4,0,0,995292,1
45631.770797,4,0,0,995292,1
45636.474596,4,0,0,995288,1
45636.965397,4,0,0,995287,1
45638.346650,4,0,0,995285,1
45641.004258,4,0,0,995282,1
45641.592687,4,0,0,995282,1
45643.100620,4,0,0,995279,1
45643.202458,4,0,0,995279,1
45663.291587,4,0,0,995274,1
45667.811801,4,0,0,995272,1
45670.084138,4,0,0,995271,1
45670.212656,4,0,0,995270,1
45672.574129,4,0,0,995267,1
45675.454078,4,0,0,995265,1
45688.234341,4,0,0,995262,1
45689.794670,4,0,0,995261,1
45694.354530,4,0,0,995259,1
45699.584459,4,0,0,995257,1
45700.567929,4,0,0,995255,1
45703.936590,4,0,0,995253,1
45711.317494,4,0,0,995251,1
45711.802982,4,0,0,995250,1
45716.255523,4,0,0,995247,1
45716.381742,4,0,0,995246,1
45716.415544,4,0,0,995246,1
45716.708912,4,0,0,995245,1
45719.847572,4,0,0,995239,1
45732.274136,4,0,0,995237,1
45734.760362,4,0,0,995235,1
45735.133187,4,0,0,995234,1
45744.577609,4,0,0,995231,1
45748.078991,4,0,0,995229,1
45749.914984,4,0,0,995227,1
45765.678046,4,0,0,995225,1
45778.989638,4,0,0,995223,1
45780.429043,4,0,0,995221,1
45781.503993,4,0,0,995220,1
45785.753126,4,0,0,995217,1
45794.588695,4,0,0,995215,1
45796.551170,4,0,0,995213,1
45800.771562,4,0,0,995211,1
45801.617763,4,0,0,995210,1
45802.652196,4,0,0,995208,1
45809.500479,4,0,0,995205,1
45810.277873,4,0,0,995204,1
45811.755465,4,0,0,995202,1
45817.345937,4,0,0,995199,1
45817.418614,4,0,0,995199,1
45817.575035,4,0,0,995198,1
45819.195511,4,0,0,995194,1
45821.157281,4,0,0,995191,1
45823.307113,4,0,0,995189,1
45831.175247,4,0,0,995187,1
45831.350406,4,0,0,995187,1
45833.471688,4,0,0,995184,1
45838.332373,4,0,0,995181,1
45839.070033,4,0,0,995180,1
45848.391459,4,0,0,995177,1
45853.349412,4,0,0,995175,1
45853.934958,4,0,0,995174,1
45855.050213,4,0,0,995172,1
45861.591394,4,0,0,995169,1
45864.060357,4,0,0,995167,1
45867.227394,4,0,0,995165,1
45877.668839,4,0,0,995163,1
45878.375585,4,0,0,995162,1
45894.315192,4,0,0,995159,1
45894.523432,4,0,0,995159,1
45895.024084,4,0,0,995157,1
45896.231616,4,0,0,995155,1
45904.084762,4,0,0,995151,1
45906.993737,4,0,0,995149,1
45912.056496,4,0,0,995147,1
45912.972102,4,0,0,995146,1
45913.843916,4,0,0,995145,1
45917.360744,4,0,0,995141,1
45923.805158,4,0,0,995139,1
45926.772481,4,0,0,995138,1
45936.510568,4,0,0,995135,1
45941.673073,4,0,0,995133,1
45943.042398,4,0,0,995132,1
45944.322251,4,0,0,995130,1
45946.561583,4,0,0,995128,1
45953.316273,4,0,0,995126,1
45966.602837,4,0,0,995124,1
45976.066380,4,0,0,995122,1
45977.516078,4,0,0,995120,1
45980.056662,4,0,0,995118,1
45984.576513,4,0,0,995116,1
45988.359873,4,0,0,995114,1
45990.716931,4,0,0,995112,1
45991.228106,4,0,0,995111,1
45997.182290,4,0,0,995108,1
45997.623310,4,0,0,995107,1
46007.233468,4,0,0,995104,1
46016.750702,4,0,0,995102,1
46022.642274,4,0,0,995100,1
46025.827467,4,0,0,995098,1
46031.568878,4,0,0,995096,1
46033.970854,4,0,0,995094,1
46041.604493,4,0,0,995092,1
46048.983523,4,0,0,995090,1
46049.791555,4,0,0,995089,1
46051.619705,4,0,0,995086,1
46053.634804,4,0,0,995084,1
46055.799305,4,0,0,995082,1
46059.796338,4,0,0,995080,1
46059.999877,4,0,0,995080,1
46065.156161,4,0,0,995076,1
46066.232547,4,0,0,995075,1
46068.807278,4,0,0,995072,1
46071.672703,4,0,0,995070,1
46073.722492,4,0,0,995068,1
46076.032860,4,0,0,995066,1
46076.983240,4,0,0,995065,1
46077.320526,4,0,0,995064,1
46081.150760,4,0,0,995060,1
46085.481493,4,0,0,995058,1
46086.233094,4,0,0,995057,1
46087.488267,4,0,0,995055,1
46089.101042,4,0,0,995053,1
46097.592169,4,0,0,995050,1
46098.388286,4,0,0,995049,1
46102.227926,4,0,0,995046,1
46106.241468,4,0,0,995044,1
46108.252466,4,0,0,995042,1
46110.316149,4,0,0,995040,1
46125.597422,4,0,0,995038,1
46129.449942,4,0,0,995036,1
46134.505539,4,0,0,995034,1
46137.731067,4,0,0,995032,1
46142.703683,4,0,0,995030,1
46147.146715,4,0,0,995028,1
46147.896489,4,0,0,995027,1
46149.844282,4,0,0,995025,1
46152.793495,4,0,0,995022,1
46153.447214,4,0,0,995021,1
46155.603475,4,0,0,995019,1
46156.841276,4,0,0,995017,1
46165.830581,4,0,0,995014,1
46167.827433,4,0,0,995013,1
46169.056867,4,0,0,995011,1
46171.564240,4,0,0,995009,1
46177.056726,4,0,0,995006,1
46177.381165,4,0,0,995006,1
46178.334013,4,0,0,995004,1
46183.999143,4,0,0,995001,1
46190.668973,4,0,0,994999,1
46195.265859,4,0,0,994997,1
46205.368900,4,0,0,994995,1
46206.252651,4,0,0,994993,1
46212.064505,4,0,0,994991,1
46223.976524,4,0,0,994989,1
46224.757525,4,0,0,994988,1
46226.093066,4,0,0,994985,1
46229.874844,4,0,0,994983,1
46231.890936,4,0,0,994981,1
46237.499055,4,0,0,994979,1
46237.782466,4,0,0,994978,1
46238.620226,4,0,0,994976,1
46244.641212,4,0,0,994973,1
46261.502168,4,0,0,994971,1
46274.182827,4,0,0,994969,1
46285.240460,4,0,0,994967,1
46285.893750,4,0,0,994966,1
46286.647751,4,0,0,994964,1
46287.006293,4,0,0,994963,1
46290.744571,4,0,0,994959,1
46300.979503,4,0,0,994957,1
46304.606770,4,0,0,994955,1
46311.881715,4,0,0,994953,1
46312.879846,4,0,0,994952,1
46322.385291,4,0,0,994949,1
46323.377364,4,0,0,994948,1
46323.646577,4,0,0,994947,1
46326.262677,4,0,0,994943,1
46330.134074,4,0,0,994941,1
46347.015134,4,0,0,994939,1
46347.475161,4,0,0,994938,1
46349.005203,4,0,0,994936,1
46349.536028,4,0,0,994935,1
46351.902210,4,0,0,994931,1
46353.532661,4,0,0,994930,1
46356.974777,4,0,0,994927,1
46359.021117,4,0,0,994925,1
46371.612885,4,0,0,994923,1
46379.071593,4,0,0,994921,1
46388.504269,4,0,0,994919,1
46389.167200,4,0,0,994918,1
46393.258074,4,0,0,994915,1
46394.413852,4,0,0,994914,1
46404.101776,4,0,0,994911,1
46404.174113,4,0,0,994911,1
46404.708342,4,0,0,994909,1
46406.963051,4,0,0,994906,1
46409.421508,4,0,0,994903,1
46410.973338,4,0,0,994902,1
46411.456097,4,0,0,994901,1
46412.060249,4,0,0,994899,1
46413.889290,4,0,0,994896,1
46428.285293,4,0,0,994893,1
46429.396379,4,0,0,994892,1
46435.971147,4,0,0,994889,1
46437.398743,4,0,0,994888,1
46437.580151,4,0,0,994887,1
46437.657503,4,0,0,994887,1
46438.449585,4,0,0,994884,1
46441.413439,4,0,0,994880,1
46448.154108,4,0,0,994877,1
46454.391787,4,0,0,994875,1
46456.468533,4,0,0,994874,1
46459.586396,4,0,0,994872,1
46467.628293,4,0,0,994870,1
46476.340556,4,0,0,994868,1
46478.183437,4,0,0,994866,1
46478.203868,4,0,0,994866,1
46478.433632,4,0,0,994865,1
46484.832502,4,0,0,994860,1
46486.354087,4,0,0,994858,1
46489.493533,4,0,0,994856,1
46490.512781,4,0,0,994854,1
46499.489887,4,0,0,994852,1
46502.835530,4,0,0,994850,1
46506.415744,4,0,0,994848,1
46508.039936,4,0,0,994846,1
46511.469291,4,0,0,994844,1
46511.478686,4,0,0,994844,1
46513.031012,4,0,0,994841,1
46515.081066,4,0,0,994838,1
46516.677617,4,0,0,994836,1
46517.107207,4,0,0,994835,1
46520.633351,4,0,0,994832,1
46528.058754,4,0,0,994830,1
46541.718482,4,0,0,994828,1
46545.005886,4,0,0,994826,1
46549.311691,4,0,0,994824,1
46550.954588,4,0,0,994822,1
46551.726704,4,0,0,994821,1
46552.402671,4,0,0,994819,1
46558.703263,4,0,0,994816,1
46565.041664,4,0,0,994814,1
46565.986472,4,0,0,994813,1
46568.537489,4,0,0,994810,1
46572.847891,4,0,0,994808,1
46573.487711,4,0,0,994807,1
46580.843341,4,0,0,994804,1
46585.468295,4,0,0,994802,1
46590.033615,4,0,0,994800,1
46595.807893,4,0,0,994798,1
46616.634302,4,0,0,994796,1
46620.584672,4,0,0,994794,1
46630.135905,4,0,0,994792,1
46632.729070,4,0,0,994790,1
46637.808652,4,0,0,994788,1
46650.206804,4,0,0,994786,1
46655.422229,4,0,0,994784,1
46657.148218,4,0,0,994783,1
46661.772587,4,0,0,994780,1
46663.841434,4,0,0,994778,1
46665.701566,4,0,0,994777,1
46670.204969,4,0,0,994774,1
46671.040218,4,0,0,994773,1
46674.228337,4,0,0,994770,1
46688.147800,4,0,0,994768,1
46690.463085,4,0,0,994767,1
46691.464213,4,0,0,994765,1
46694.488471,4,0,0,994762,1
46703.275410,4,0,0,994760,1
46712.115519,4,0,0,994758,1
46720.524101,4,0,0,994756,1
46720.579271,4,0,0,994756,1
46722.064247,4,0,0,994753,1
46765.053260,4,0,0,994750,1
46765.662584,4,0,0,994750,1
46768.882010,4,0,0,994747,1
46776.342501,4,0,0,994744,1
46776.965585,4,0,0,994744,1
46782.156286,4,0,0,994741,1
46785.356916,4,0,0,994739,1
46786.389546,4,0,0,994737,1
46796.470144,4,0,0,994735,1
46797.427418,4,0,0,994733,1
46802.298352,4,0,0,994731,1
46808.752590,4,0,0,994729,1
46812.706003,4,0,0,994727,1
46817.443586,4,0,0,994725,1
46818.049013,4,0,0,994724,1
46819.809118,4,0,0,994721,1
46824.035671,4,0,0,994719,1
46826.441415,4,0,0,994717,1
46831.653927,4,0,0,994715,1
46840.784858,4,0,0,994713,1
46841.793415,4,0,0,994711,1
46852.958824,4,0,0,994709,1
46855.268383,4,0,0,994707,1
46868.972106,4,0,0,994705,1
46873.564342,4,0,0,994703,1
46881.026413,4,0,0,994701,1
46884.483039,4,0,0,994699,1
46888.103703,4,0,0,994697,1
46890.000851,4,0,0,994695,1
46890.663034,4,0,0,994694,1
46892.977602,4,0,0,994691,1
46894.134561,4,0,0,994690,1
46894.294296,4,0,0,994689,1
46895.830720,4,0,0,994686,1
46896.782675,4,0,0,994684,1
46906.742728,4,0,0,994681,1
46907.147721,4,0,0,994680,1
46908.119079,4,0,0,994678,1
46913.938727,4,0,0,994675,1
46925.965679,4,0,0,994673,1
46927.350103,4,0,0,994672,1
46927.453023,4,0,0,994671,1
46942.899917,4,0,0,994667,1
46948.379700,4,0,0,994665,1
46950.157977,4,0,0,994663,1
46953.214149,4,0,0,994661,1
46957.585135,4,0,0,994659,1
46959.823107,4,0,0,994657,1
46969.743291,4,0,0,994655,1
46975.934620,4,0,0,994653,1
46990.688320,4,0,0,994651,1
46992.755304,4,0,0,994649,1
47005.983418,4,0,0,994647,1
47009.100926,4,0,0,994645,1
47014.015358,4,0,0,994643,1
47020.393124,4,0,0,994641,1
47028.314793,4,0,0,994639,1
47030.726832,4,0,0,994638,1
47033.566674,4,0,0,994635,1
47041.691642,4,0,0,994633,1
47047.734897,4,0,0,994631,1
47061.251137,4,0,0,994629,1
47079.855452,4,0,0,994627,1
47080.797717,4,0,0,994626,1
47082.034142,4,0,0,994624,1
47088.050888,4,0,0,994621,1
47094.627593,4,0,0,994619,1
47099.045610,4,0,0,994618,1
47109.074102,4,0,0,994615,1
47110.461925,4,0,0,994614,1
47112.444378,4,0,0,994612,1
47115.706718,4,0,0,994610,1
47117.515355,4,0,0,994608,1
47121.284018,4,0,0,994606,1
47126.767675,4,0,0,994604,1
47127.957569,4,0,0,994602,1
47131.132655,4,0,0,994600,1
47154.837561,4,0,0,994598,1
47156.710369,4,0,0,994596,1
47156.882460,4,0,0,994596,1
47165.009383,4,0,0,994592,1
47168.354344,4,0,0,994590,1
47168.613554,4,0,0,994589,1
47179.177601,4,0,0,994586,1
47181.655448,4,0,0,994584,1
47194.317336,4,0,0,994582,1
47196.775667,4,0,0,994580,1
47197.157801,4,0,0,994579,1
47198.503067,4,0,0,994577,1
47200.564126,4,0,0,994574,1
47207.204558,4,0,0,994572,1
47208.180912,4,0,0,994571,1
47210.876013,4,0,0,994568,1
47220.749115,4,0,0,994566,1
47224.396528,4,0,0,994564,1
47224.916935,4,0,0,994563,1
47225.035614,4,0,0,994563,1
47230.884082,4,0,0,994558,1
47249.379442,4,0,0,994556,1
47256.730539,4,0,0,994554,1
47263.647224,4,0,0,994552,1
47269.026196,4,0,0,994550,1
47276.613015,4,0,0,994548,1
47276.808233,4,0,0,994548,1
47278.277852,4,0,0,994545,1
47283.960066,4,0,0,994542,1
47293.602848,4,0,0,994540,1
47298.969455,4,0,0,994538,1
47299.896393,4,0,0,994537,1
47313.059096,4,0,0,994534,1
47324.229746,4,0,0,994532,1
47324.663137,4,0,0,994531,1
47325.688120,4,0,0,994529,1
47327.226563,4,0,0,994527,1
47333.636466,4,0,0,994524,1
47343.013137,4,0,0,994522,1
47347.140735,4,0,0,994520,1
47348.205244,4,0,0,994519,1
47350.768744,4,0,0,994516,1
47351.477793,4,0,0,994515,1
47363.397677,4,0,0,994512,1
47370.310397,4,0,0,994510,1
47373.722296,4,0,0,994508,1
47376.611128,4,0,0,994506,1
47377.103304,4,0,0,994506,1
47378.937469,4,0,0,994503,1
47379.551951,4,0,0,994502,1
47386.840553,4,0,0,994498,1
47390.603380,4,0,0,994496,1
47391.835832,4,0,0,994495,1
47393.049303,4,0,0,994493,1
47394.491158,4,0,0,994491,1
47396.257039,4,0,0,994489,1
47398.601827,4,0,0,994487,1
47400.290025,4,0,0,994485,1
47405.729892,4,0,0,994483,1
47405.900554,4,0,0,994482,1
47407.801374,4,0,0,994479,1
47414.338679,4,0,0,994477,1
47428.015889,4,0,0,994475,1
47435.774761,4,0,0,994473,1
47437.091768,4,0,0,994471,1
47438.359224,4,0,0,994469,1
47439.368459,4,0,0,994468,1
47449.603854,4,0,0,994465,1
47450.902194,4,0,0,994463,1
47457.687711,4,0,0,994461,1
47459.133779,4,0,0,994459,1
47459.294585,4,0,0,994459,1
47465.614628,4,0,0,994455,1
47471.806468,4,0,0,994453,1
47472.251809,4,0,0,994452,1
47474.142615,4,0,0,994449,1
47488.308437,4,0,0,994447,1
47489.158657,4,0,0,994446,1
47489.592016,4,0,0,994445,1
47493.907833,4,0,0,994441,1
47506.687172,4,0,0,994439,1
47507.373649,4,0,0,994438,1
47510.812937,4,0,0,994435,1
47516.319548,4,0,0,994433,1
47517.220752,4,0,0,994432,1
47517.274880,4,0,0,994432,1
47527.726021,4,0,0,994427,1
47527.897465,4,0,0,994427,1
47529.320357,4,0,0,994424,1
47534.361561,4,0,0,994421,1
47535.970358,4,0,0,994419,1
47536.016987,4,0,0,994419,1
47540.112156,4,0,0,994415,1
47541.870570,4,0,0,994413,1
47542.655933,4,0,0,994412,1
47559.626256,4,0,0,994409,1
47560.488044,4,0,0,994408,1
47566.697963,4,0,0,994405,1
47577.280311,4,0,0,994403,1
47586.634661,4,0,0,994401,1
47587.608136,4,0,0,994400,1
47588.899914,4,0,0,994398,1
47588.988503,4,0,0,994398,1
47601.796716,4,0,0,994393,1
47612.224001,4,0,0,994391,1
47616.549996,4,0,0,994389,1
47617.103633,4,0,0,994388,1
47618.014734,4,0,0,994387,1
47622.126918,4,0,0,994383,1
47623.512610,4,0,0,994382,1
47625.218690,4,0,0,994380,1
47626.115035,4,0,0,994378,1
47627.119873,4,0,0,994376,1
47630.095622,4,0,0,994374,1
47633.504205,4,0,0,994371,1
47636.929455,4,0,0,994369,1
47664.923591,4,0,0,994367,1
47665.587044,4,0,0,994366,1
47672.332979,4,0,0,994363,1
47679.879160,4,0,0,994361,1
47684.081707,4,0,0,994360,1
47687.051377,4,0,0,994358,1
47697.753422,4,0,0,994356,1
47706.172480,4,0,0,994354,1
47706.419126,4,0,0,994353,1
47722.175910,4,0,0,994350,1
47722.211124,4,0,0,994350,1
47726.280247,4,0,0,994346,1
47730.341522,4,0,0,994344,1
47738.936236,4,0,0,994342,1
47741.257745,4,0,0,994340,1
47741.714021,4,0,0,994339,1
47745.879915,4,0,0,994336,1
47746.000179,4,0,0,994335,1
47748.146862,4,0,0,994332,1
47768.323488,4,0,0,994330,1
47778.031053,4,0,0,994328,1
47778.821955,4,0,0,994327,1
47786.487093,4,0,0,994324,1
47794.450535,4,0,0,994322,1
47807.040918,4,0,0,994320,1
47808.255507,4,0,0,994318,1
47811.558890,4,0,0,994316,1
47819.957512,4,0,0,994314,1
47825.218455,4,0,0,994312,1
47829.526405,4,0,0,994310,1
47834.571615,4,0,0,994308,1
47835.874099,4,0,0,994306,1
47835.997767,4,0,0,994306,1
47842.368461,4,0,0,994302,1
47844.259910,4,0,0,994300,1
47846.519983,4,0,0,994298,1
47851.053043,4,0,0,994296,1
47856.170062,4,0,0,994294,1
47857.254041,4,0,0,994293,1
47865.613693,4,0,0,994290,1
47867.900297,4,0,0,994288,1
47872.675412,4,0,0,994286,1
47888.896672,4,0,0,994284,1
47892.873240,4,0,0,994282,1
47894.998367,4,0,0,994280,1
47899.610481,4,0,0,994278,1
47902.940898,4,0,0,994276,1
47905.819255,4,0,0,994274,1
47912.118239,4,0,0,994272,1
47924.468598,4,0,0,994270,1
47927.587674,4,0,0,994268,1
47928.029191,4,0,0,994268,1
47932.059518,4,0,0,994264,1
47933.402567,4,0,0,994263,1
47933.595595,4,0,0,994262,1
47941.013345,4,0,0,994258,1
47942.535823,4,0,0,994257,1
47949.710123,4,0,0,994254,1
47952.911953,4,0,0,994252,1
47954.740932,4,0,0,994251,1
47956.542584,4,0,0,994249,1
47956.747806,4,0,0,994248,1
47960.401772,4,0,0,994244,1
47968.693765,4,0,0,994242,1
47969.112611,4,0,0,994242,1
47969.661908,4,0,0,994240,1
47973.263354,4,0,0,994237,1
47978.422059,4,0,0,994234,1
47984.094059,4,0,0,994232,1
47985.890114,4,0,0,994231,1
47986.074191,4,0,0,994230,1
47988.633387,4,0,0,994227,1
47989.858216,4,0,0,994225,1
47989.863548,4,0,0,994225,1
47995.396207,4,0,0,994221,1
48009.917168,4,0,0,994219,1
48012.288939,4,0,0,994217,1
48013.995883,4,0,0,994215,1
48017.852770,4,0,0,994213,1
48026.984398,4,0,0,994211,1
48034.558722,4,0,0,994209,1
48040.076804,4,0,0,994207,1
48042.781435,4,0,0,994205,1
48048.386387,4,0,0,994203,1
48049.549737,4,0,0,994201,1
48051.146238,4,0,0,994199,1
48058.336649,4,0,0,994197,1
48071.046556,4,0,0,994195,1
48072.054095,4,0,0,994194,1
48073.732194,4,0,0,994191,1
48073.761972,4,0,0,994191,1
48076.462019,4,0,0,994187,1
48077.590558,4,0,0,994186,1
48082.493006,4,0,0,994183,1
48088.403279,4,0,0,994181,1
48089.007688,4,0,0,994180,1
48089.417405,4,0,0,994179,1
48100.736595,4,0,0,994175,1
48103.093370,4,0,0,994173,1
48106.737118,4,0,0,994171,1
48122.527311,4,0,0,994169,1
48129.330123,4,0,0,994167,1
48131.212694,4,0,0,994165,1
48131.641746,4,0,0,994165,1
48135.312416,4,0,0,994161,1
48137.270601,4,0,0,994159,1
48137.375397,4,0,0,994159,1
48144.424457,4,0,0,994155,1
48146.747467,4,0,0,994153,1
48150.796352,4,0,0,994151,1
48157.533924,4,0,0,994149,1
48171.050019,4,0,0,994147,1
48175.579457,4,0,0,994145,1
48177.390670,4,0,0,994144,1
48177.948113,4,0,0,994143,1
48178.315186,4,0,0,994142,1
48180.156479,4,0,0,994138,1
48185.325001,4,0,0,994135,1
48191.003365,4,0,0,994133,1
48192.116330,4,0,0,994132,1
48192.529443,4,0,0,994131,1
48194.272128,4,0,0,994128,1
48198.063301,4,0,0,994125,1
48204.779916,4,0,0,994123,1
48208.385440,4,0,0,994121,1
48210.002281,4,0,0,994120,1
48214.680200,4,0,0,994117,1
48216.150827,4,0,0,994116,1
48221.205897,4,0,0,994113,1
48230.022678,4,0,0,994111,1
48234.892221,4,0,0,994109,1
48238.878081,4,0,0,994107,1
48240.632008,4,0,0,994106,1
48250.640180,4,0,0,994103,1
48272.120532,4,0,0,994102,1
48279.303609,4,0,0,994100,1
48283.378464,4,0,0,994098,1
48284.106514,4,0,0,994097,1
48285.914467,4,0,0,994094,1
48288.099226,4,0,0,994092,1
48289.749106,4,0,0,994090,1
48292.571722,4,0,0,994088,1
48297.080370,4,0,0,994086,1
48298.224790,4,0,0,994084,1
48299.598379,4,0,0,994082,1
48300.166975,4,0,0,994081,1
48301.923983,4,0,0,994078,1
48305.212894,4,0,0,994076,1
48308.429680,4,0,0,994074,1
48334.341988,4,0,0,994072,1
48353.314031,4,0,0,994070,1
48356.056314,4,0,0,994068,1
48373.150968,4,0,0,994066,1
48374.304405,4,0,0,994064,1
48378.027874,4,0,0,994062,1
48380.915485,4,0,0,994060,1
48397.310271,4,0,0,994058,1
48405.957119,4,0,0,994056,1
48407.109029,4,0,0,994055,1
48409.876629,4,0,0,994052,1
48410.758521,4,0,0,994051,1
48414.358255,4,0,0,994048,1
48421.898134,4,0,0,994046,1
48422.072789,4,0,0,994046,1
48423.088061,4,0,0,994043,1
48441.215097,4,0,0,994040,1
48456.697564,4,0,0,994038,1
48460.584967,4,0,0,994036,1
48465.550023,4,0,0,994034,1
48467.068065,4,0,0,994032,1
48481.591874,4,0,0,994030,1
48486.888020,4,0,0,994028,1
48492.141414,4,0,0,994026,1
48492.194785,4,0,0,994026,1
48501.358607,4,0,0,994022,1
48508.559909,4,0,0,994020,1
48514.080529,4,0,0,994018,1
48520.533936,4,0,0,994016,1
48521.347880,4,0,0,994015,1
48527.411790,4,0,0,994012,1
48527.898545,4,0,0,994011,1
48533.765566,4,0,0,994008,1
48533.778162,4,0,0,994008,1
48540.933958,4,0,0,994004,1
48544.167162,4,0,0,994002,1
48545.260072,4,0,0,994001,1
48551.505366,4,0,0,993998,1
48553.318381,4,0,0,993997,1
48563.607779,4,0,0,993994,1
48564.557736,4,0,0,993993,1
48577.891747,4,0,0,993990,1
48594.774137,4,0,0,993988,1
48596.509770,4,0,0,993987,1
48605.993445,4,0,0,993984,1
48614.818733,4,0,0,993982,1
48617.460696,4,0,0,993981,1
48619.621546,4,0,0,993979,1
48621.208005,4,0,0,993977,1
48645.090113,4,0,0,993974,1
48646.502027,4,0,0,993973,1
48658.615549,4,0,0,993971,1
48661.288537,4,0,0,993969,1
48674.385541,4,0,0,993967,1
48683.110894,4,0,0,993965,1
48683.920334,4,0,0,993963,1
48688.002365,4,0,0,993961,1
48693.352784,4,0,0,993959,1
48695.841126,4,0,0,993957,1
48695.864495,4,0,0,993957,1
48697.745586,4,0,0,993953,1
48706.473909,4,0,0,993951,1
48706.784055,4,0,0,993950,1
48707.316551,4,0,0,993949,1
48713.100104,4,0,0,993945,1
48716.550654,4,0,0,993943,1
48719.846404,4,0,0,993941,1
48722.082401,4,0,0,993939,1
48726.504444,4,0,0,993937,1
48735.619713,4,0,0,993935,1
48737.169578,4,0,0,993933,1
48746.073723,4,0,0,993931,1
48748.649736,4,0,0,993929,1
48751.972396,4,0,0,993927,1
48758.224347,4,0,0,993925,1
48759.655379,4,0,0,993923,1
48771.827182,4,0,0,993921,1
48777.615260,4,0,0,993919,1
48782.226877,4,0,0,993917,1
48783.750936,4,0,0,993915,1
48789.440232,4,0,0,993913,1
48790.861557,4,0,0,993911,1
48798.965008,4,0,0,993909,1
48799.020164,4,0,0,993909,1
48799.890921,4,0,0,993907,1
48803.791681,4,0,0,993903,1
48809.746466,4,0,0,993901,1
48812.988359,4,0,0,993899,1
48823.036751,4,0,0,993897,1
48840.838890,4,0,0,993895,1
48843.822270,4,0,0,993893,1
48850.805668,4,0,0,993891,1
48854.069192,4,0,0,993889,1
48859.298128,4,0,0,993887,1
48860.515742,4,0,0,993886,1
48861.070313,4,0,0,993885,1
48879.538601,4,0,0,993881,1
48887.604232,4,0,0,993879,1
48889.210357,4,0,0,993878,1
48893.423806,4,0,0,993875,1
48895.709367,4,0,0,993873,1
48896.636663,4,0,0,993872,1
48899.230869,4,0,0,993870,1
48900.916610,4,0,0,993868,1
48900.996741,4,0,0,993868,1
48903.338900,4,0,0,993864,1
48915.466748,4,0,0,993861,1
48923.886364,4,0,0,993859,1
48927.966053,4,0,0,993857,1
48929.800017,4,0,0,993856,1
48931.057195,4,0,0,993854,1
48945.989967,4,0,0,993851,1
48949.964601,4,0,0,993850,1
48951.137593,4,0,0,993848,1
48952.509414,4,0,0,993846,1
48967.847628,4,0,0,993844,1
48969.151984,4,0,0,993842,1
48969.691400,4,0,0,993841,1
48970.663147,4,0,0,993839,1
48977.610376,4,0,0,993836,1
48983.507091,4,0,0,993834,1
48986.261088,4,0,0,993832,1
48993.808376,4,0,0,993830,1
48997.292043,4,0,0,993828,1
48999.843368,4,0,0,993826,1
49000.440537,4,0,0,993825,1
49010.733783,4,0,0,993822,1
49012.274865,4,0,0,993820,1
49016.853111,4,0,0,993818,1
49036.795632,4,0,0,993816,1
49037.799445,4,0,0,993814,1
49053.849695,4,0,0,993812,1
49058.905074,4,0,0,993810,1
49059.563783,4,0,0,993809,1
49066.629054,4,0,0,993806,1
49081.121507,4,0,0,993804,1
49085.076096,4,0,0,993802,1
49090.652125,4,0,0,993800,1
49090.779757,4,0,0,993800,1
49112.369890,4,0,0,993796,1
49114.202523,4,0,0,993794,1
49114.318171,4,0,0,993794,1
49122.220479,4,0,0,993790,1
49139.530371,4,0,0,993788,1
49145.925253,4,0,0,993786,1
49145.938348,4,0,0,993786,1
49146.251231,4,0,0,993785,1
49150.446723,4,0,0,993780,1
49152.401954,4,0,0,993778,1
49162.610411,4,0,0,993776,1
49172.499527,4,0,0,993774,1
49193.452850,4,0,0,993772,1
49199.466996,4,0,0,993770,1
49209.479308,4,0,0,993768,1
49211.320316,4,0,0,993766,1
49211.883673,4,0,0,993765,1
49221.468439,4,0,0,993762,1
49223.197117,4,0,0,993761,1
49225.795413,4,0,0,993758,1
49230.759653,4,0,0,993756,1
49235.200849,4,0,0,993754,1
49237.812258,4,0,0,993752,1
49240.144925,4,0,0,993750,1
49240.770554,4,0,0,993749,1
49244.419000,4,0,0,993746,1
49245.686074,4,0,0,993745,1
49252.405383,4,0,0,993742,1
49257.775865,4,0,0,993740,1
49258.132668,4,0,0,993740,1
49279.806223,4,0,0,993736,1
49287.053691,4,0,0,993734,1
49288.289538,4,0,0,993733,1
49288.438795,4,0,0,993733,1
49291.549620,4,0,0,993729,1
49293.628972,4,0,0,993727,1
49297.408926,4,0,0,993724,1
49302.560914,4,0,0,993722,1
49310.188039,4,0,0,993720,1
49310.253223,4,0,0,993720,1
49316.241594,4,0,0,993717,1
49317.914608,4,0,0,993715,1
49338.458450,4,0,0,993713,1
49347.408396,4,0,0,993711,1
49351.337043,4,0,0,993709,1
49355.690287,4,0,0,993707,1
49356.709798,4,0,0,993705,1
49357.935909,4,0,0,993703,1
49358.735371,4,0,0,993702,1
49361.003555,4,0,0,993699,1
49361.571100,4,0,0,993698,1
49364.993346,4,0,0,993695,1
49369.856672,4,0,0,993693,1
49370.479748,4,0,0,993692,1
49372.496401,4,0,0,993689,1
49372.845077,4,0,0,993688,1
49376.411169,4,0,0,993685,1
49381.433278,4,0,0,993683,1
49386.001710,4,0,0,993681,1
49394.038360,4,0,0,993679,1
49395.322364,4,0,0,993677,1
49399.924599,4,0,0,993675,1
49401.648859,4,0,0,993673,1
49402.093196,4,0,0,993672,1
49403.834166,4,0,0,993669,1
49404.188031,4,0,0,993669,1
49419.406842,4,0,0,993665,1
49425.615535,4,0,0,993663,1
49426.126923,4,0,0,993662,1
49433.502647,4,0,0,993659,1
49435.577666,4,0,0,993657,1
49447.164482,4,0,0,993655,1
49450.434874,4,0,0,993653,1
49460.287179,4,0,0,993651,1
49461.478072,4,0,0,993650,1
49463.665346,4,0,0,993647,1
49465.849936,4,0,0,993645,1
49466.338355,4,0,0,993644,1
49468.259881,4,0,0,993642,1
49473.412513,4,0,0,993639,1
49476.416159,4,0,0,993637,1
49486.520507,4,0,0,993635,1
49488.022665,4,0,0,993634,1
49490.117381,4,0,0,993631,1
49491.963338,4,0,0,993630,1
49495.798702,4,0,0,993627,1
49496.795452,4,0,0,993626,1
49497.704828,4,0,0,993624,1
49511.111835,4,0,0,993621,1
49513.371071,4,0,0,993619,1
49517.599198,4,0,0,993617,1
49517.870373,4,0,0,993617,1
49518.596078,4,0,0,993615,1
49519.080400,4,0,0,993614,1
49527.072217,4,0,0,993609,1
49527.592582,4,0,0,993609,1
49531.064409,4,0,0,993605,1
49531.872720,4,0,0,993604,1
49533.435121,4,0,0,993602,1
49543.674767,4,0,0,993599,1
49548.447927,4,0,0,993597,1
49564.293201,4,0,0,993595,1
49568.669659,4,0,0,993593,1
49568.715381,4,0,0,993593,1
49571.283387,4,0,0,993590,1
49571.391880,4,0,0,993590,1
49573.193246,4,0,0,993586,1
49576.333975,4,0,0,993584,1
49580.429228,4,0,0,993582,1
49581.732554,4,0,0,993580,1
49585.638264,4,0,0,993578,1
49588.039711,4,0,0,993576,1
49591.416298,4,0,0,993574,1
49592.458888,4,0,0,993572,1
49593.273847,4,0,0,993571,1
49599.987489,4,0,0,993568,1
49601.901581,4,0,0,993566,1
49606.841111,4,0,0,993564,1
49610.825036,4,0,0,993562,1
49621.809023,4,0,0,993560,1
49631.971191,4,0,0,993558,1
49634.769356,4,0,0,993556,1
49635.864358,4,0,0,993554,1
49640.645291,4,0,0,993552,1
49645.486957,4,0,0,993550,1
49651.122634,4,0,0,993548,1
49662.500262,4,0,0,993546,1
49669.794202,4,0,0,993544,1
49674.486276,4,0,0,993542,1
49678.877698,4,0,0,993540,1
49680.021174,4,0,0,993539,1
49685.058007,4,0,0,993536,1
49693.110879,4,0,0,993534,1
49705.324685,4,0,0,993532,1
49717.201589,4,0,0,993530,1
49721.137828,4,0,0,993528,1
49722.576038,4,0,0,993526,1
49724.517490,4,0,0,993524,1
49753.686656,4,0,0,993522,1
49757.251101,4,0,0,993520,1
49765.340355,4,0,0,993518,1
49769.684700,4,0,0,993516,1
49773.064662,4,0,0,993514,1
49775.113077,4,0,0,993512,1
49778.801773,4,0,0,993510,1
49778.834074,4,0,0,993510,1
49788.838708,4,0,0,993506,1
49792.779171,4,0,0,993504,1
49792.896669,4,0,0,993504,1
49801.045179,4,0,0,993500,1
49801.740361,4,0,0,993499,1
49801.889104,4,0,0,993499,1
49804.855192,4,0,0,993494,1
49820.320544,4,0,0,993492,1
49820.790372,4,0,0,993492,1
49821.114691,4,0,0,993491,1
49831.246985,4,0,0,993486,1
49839.480296,4,0,0,993484,1
49847.676221,4,0,0,993482,1
49850.691300,4,0,0,993480,1
49853.357244,4,0,0,993479,1
49855.807509,4,0,0,993477,1
49859.979437,4,0,0,993474,1
49866.219862,4,0,0,993472,1
49873.551568,4,0,0,993470,1
49878.635715,4,0,0,993468,1
49882.586868,4,0,0,993466,1
49885.128377,4,0,0,993465,1
49886.971246,4,0,0,993463,1
49888.583155,4,0,0,993461,1
49890.262025,4,0,0,993459,1
49895.749819,4,0,0,993457,1
49902.620305,4,0,0,993455,1
49906.971815,4,0,0,993453,1
49908.177043,4,0,0,993451,1
49909.210297,4,0,0,993450,1
49916.146524,4,0,0,993447,1
49934.543588,4,0,0,993445,1
49934.620249,4,0,0,993444,1
49935.988352,4,0,0,993442,1
49943.501186,4,0,0,993439,1
49949.571733,4,0,0,993437,1
49950.921301,4,0,0,993435,1
49954.790420,4,0,0,993433,1
49959.001071,4,0,0,993431,1
49965.109537,4,0,0,993429,1
49968.087537,4,0,0,993427,1
49970.568067,4,0,0,993425,1
49972.327982,4,0,0,993423,1
49973.629165,4,0,0,993421,1
49974.093138,4,0,0,993420,1
49979.055395,4,0,0,993417,1
49984.348584,4,0,0,993415,1
49989.906051,4,0,0,993413,1
49989.921112,4,0,0,993413,1
49992.677756,4,0,0,993409,1
49993.302689,4,0,0,993408,1
49996.877337,4,0,0,993405,1
50015.514978,4,0,0,993403,1
50018.821314,4,0,0,993401,1
50021.065256,4,0,0,993399,1
50029.101146,4,0,0,993397,1
50045.584184,4,0,0,993395,1
50047.201960,4,0,0,993393,1
50054.967318,4,0,0,993391,1
50081.531979,4,0,0,993389,1
50082.098818,4,0,0,993388,1
50085.718490,4,0,0,993385,1
50093.746340,4,0,0,993383,1
50096.002866,4,0,0,993381,1
50098.823944,4,0,0,993379,1
50105.467719,4,0,0,993377,1
50105.962568,4,0,0,993376,1
50108.099752,4,0,0,993374,1
50112.064473,4,0,0,993371,1
50113.367394,4,0,0,993370,1
50122.125752,4,0,0,993367,1
50129.065345,4,0,0,993365,1
50145.164533,4,0,0,993363,1
50148.702755,4,0,0,993361,1
50149.241157,4,0,0,993360,1
50162.427074,4,0,0,993357,1
50171.017643,4,0,0,993355,1
50174.775583,4,0,0,993353,1
50183.426110,4,0,0,993351,1
50193.628803,4,0,0,993349,1
50200.781937,4,0,0,993347,1
50204.830074,4,0,0,993345,1
50209.396351,4,0,0,993343,1
50218.289096,4,0,0,993341,1
50222.942112,4,0,0,993339,1
50224.047614,4,0,0,993338,1
50229.668874,4,0,0,993335,1
50233.298406,4,0,0,993334,1
50234.758709,4,0,0,993332,1
50234.762470,4,0,0,993332,1
50236.046045,4,0,0,993329,1
50241.397397,4,0,0,993326,1
50251.465809,4,0,0,993324,1
50259.955558,4,0,0,993322,1
50260.502435,4,0,0,993321,1
50260.855109,4,0,0,993320,1
50267.708544,4,0,0,993316,1
50269.310990,4,0,0,993314,1
50270.827128,4,0,0,993312,1
50270.836699,4,0,0,993312,1
50271.332570,4,0,0,993310,1
50272.029093,4,0,0,993308,1
50272.858863,4,0,0,993306,1
50275.675967,4,0,0,993302,1
50283.719460,4,0,0,993300,1
50291.715923,4,0,0,993298,1
50303.225352,4,0,0,993296,1
50306.027644,4,0,0,993294,1
50311.923476,4,0,0,993292,1
50315.126475,4,0,0,993290,1
50315.370865,4,0,0,993289,1
50315.771671,4,0,0,993288,1
50317.121000,4,0,0,993285,1
50336.224682,4,0,0,993282,1
50341.852591,4,0,0,993280,1
50343.343880,4,0,0,993278,1
50349.199721,4,0,0,993276,1
50354.375394,4,0,0,993274,1
50354.586933,4,0,0,993274,1
50356.731309,4,0,0,993270,1
50363.834472,4,0,0,993268,1
50364.225368,4,0,0,993267,1
50374.538132,4,0,0,993264,1
50387.309058,4,0,0,993262,1
50396.476641,4,0,0,993260,1
50397.073462,4,0,0,993259,1
50401.054285,4,0,0,993256,1
50406.931274,4,0,0,993254,1
50417.395070,4,0,0,993252,1
50417.876311,4,0,0,993251,1
50425.962033,4,0,0,993248,1
50427.519131,4,0,0,993247,1
50431.807712,4,0,0,993244,1
50437.889002,4,0,0,993242,1
50445.062201,4,0,0,993240,1
50446.730814,4,0,0,993239,1
50451.199656,4,0,0,993236,1
50452.819777,4,0,0,993235,1
50483.349775,4,0,0,993232,1
50491.402788,4,0,0,993230,1
50493.957209,4,0,0,993228,1
50504.058021,4,0,0,993226,1
50510.361120,4,0,0,993224,1
50522.987573,4,0,0,993222,1
50523.887513,4,0,0,993221,1
50525.557279,4,0,0,993219,1
50526.027753,4,0,0,993218,1
50527.857048,4,0,0,993215,1
50530.151232,4,0,0,993213,1
50534.938930,4,0,0,993210,1
50537.987376,4,0,0,993209,1
50544.032523,4,0,0,993206,1
50545.531758,4,0,0,993205,1
50546.440050,4,0,0,993203,1
50548.718302,4,0,0,993201,1
50551.473486,4,0,0,993199,1
50554.094840,4,0,0,993197,1
50565.798272,4,0,0,993195,1
50567.299755,4,0,0,993193,1
50569.373948,4,0,0,993191,1
50570.532327,4,0,0,993189,1
50572.755469,4,0,0,993187,1
50575.117072,4,0,0,993185,1
50579.211962,4,0,0,993183,1
50580.771369,4,0,0,993181,1
50582.207373,4,0,0,993179,1
50588.276153,4,0,0,993177,1
50599.795633,4,0,0,993175,1
50600.418080,4,0,0,993174,1
50601.380037,4,0,0,993172,1
50602.062826,4,0,0,993170,1
50607.563517,4,0,0,993167,1
50608.714594,4,0,0,993165,1
50613.149408,4,0,0,993163,1
50614.226076,4,0,0,993162,1
50622.363621,4,0,0,993159,1
50624.179801,4,0,0,993157,1
50629.473661,4,0,0,993155,1
50630.243385,4,0,0,993154,1
50631.989063,4,0,0,993151,1
50633.675169,4,0,0,993149,1
50638.493777,4,0,0,993147,1
50643.953444,4,0,0,993145,1
50652.872616,4,0,0,993143,1
50653.840762,4,0,0,993142,1
50660.670945,4,0,0,993139,1
50666.620059,4,0,0,993137,1
50670.517738,4,0,0,993135,1
50675.538114,4,0,0,993133,1
50675.988893,4,0,0,993132,1
50676.748197,4,0,0,993131,1
50679.315636,4,0,0,993127,1
50685.255322,4,0,0,993125,1
50686.133446,4,0,0,993124,1
50688.488190,4,0,0,993121,1
50691.781837,4,0,0,993119,1
50704.850700,4,0,0,993117,1
50705.122099,4,0,0,993117,1
50713.564226,4,0,0,993113,1
50733.378317,4,0,0,993111,1
50734.864809,4,0,0,993110,1
50745.418073,4,0,0,993107,1
50747.057198,4,0,0,993106,1
50754.726649,4,0,0,993103,1
50757.670757,4,0,0,993101,1
50762.022135,4,0,0,993099,1
50763.313028,4,0,0,993098,1
50768.874648,4,0,0,993095,1
50769.644098,4,0,0,993094,1
50773.564981,4,0,0,993091,1
50776.824314,4,0,0,993089,1
50785.501303,4,0,0,993087,1
50788.640590,4,0,0,993086,1
50795.982033,4,0,0,993083,1
50798.426124,4,0,0,993082,1
50800.185324,4,0,0,993080,1
50807.582518,4,0,0,993077,1
50810.173674,4,0,0,993076,1
50813.456100,4,0,0,993074,1
50817.572377,4,0,0,993072,1
50825.760246,4,0,0,993070,1
50829.921945,4,0,0,993068,1
50832.412882,4,0,0,993066,1
50833.249631,4,0,0,993065,1
50839.038381,4,0,0,993062,1
50849.303781,4,0,0,993060,1
50849.852114,4,0,0,993059,1
50852.852808,4,0,0,993056,1
50865.884270,4,0,0,993054,1
50869.846832,4,0,0,993052,1
50873.613545,4,0,0,993050,1
50873.927015,4,0,0,993049,1
50877.590233,4,0,0,993046,1
50882.670810,4,0,0,993044,1
50883.428523,4,0,0,993043,1
50898.398955,4,0,0,993040,1
50899.442637,4,0,0,993039,1
50904.799253,4,0,0,993036,1
50906.332081,4,0,0,993034,1
50906.880692,4,0,0,993033,1
50908.325797,4,0,0,993031,1
50910.269792,4,0,0,993028,1
50913.257233,4,0,0,993026,1
50914.533677,4,0,0,993024,1
50920.748303,4,0,0,993022,1
50928.616449,4,0,0,993020,1
50936.098603,4,0,0,993018,1
50942.111347,4,0,0,993016,1
50943.613328,4,0,0,993014,1
50944.742852,4,0,0,993013,1
50945.295204,4,0,0,993012,1
50947.710583,4,0,0,993008,1
50948.147052,4,0,0,993008,1
50953.239382,4,0,0,993004,1
50967.542654,4,0,0,993002,1
50974.278082,4,0,0,993000,1
50974.872271,4,0,0,992999,1
50974.971188,4,0,0,992999,1
50976.920477,4,0,0,992995,1
51000.554269,4,0,0,992992,1
51002.347611,4,0,0,992991,1
51008.741023,4,0,0,992988,1
51014.766915,4,0,0,992986,1
51018.829607,4,0,0,992984,1
51021.020310,4,0,0,992982,1
51022.136581,4,0,0,992981,1
51040.835863,4,0,0,992978,1
51041.161693,4,0,0,992978,1
51042.449834,4,0,0,992975,1
51044.215900,4,0,0,992973,1
51055.699576,4,0,0,992970,1
51061.672475,4,0,0,992968,1
51063.146583,4,0,0,992967,1
51064.005676,4,0,0,992965,1
51074.160390,4,0,0,992962,1
51081.707183,4,0,0,992960,1
51081.894289,4,0,0,992960,1
