34199.000000,1,0,100,999000,1
34199.000000,1,0,100,999100,1
34199.000000,1,0,100,999200,1
34199.000000,1,0,100,999300,1
34199.000000,1,0,100,999400,1
34199.000000,1,0,100,999500,1
34199.000000,1,0,100,999600,1
34199.000000,1,0,100,999700,1
34199.000000,1,0,100,999800,1
34199.000000,1,0,100,999900,1
34199.000000,1,0,100,1000100,-1
34199.000000,1,0,100,1000200,-1
34199.000000,1,0,100,1000300,-1
34199.000000,1,0,100,1000400,-1
34199.000000,1,0,100,1000500,-1
34199.000000,1,0,100,1000600,-1
34199.000000,1,0,100,1000700,-1
34199.000000,1,0,100,1000800,-1
34199.000000,1,0,100,1000900,-1
34199.000000,1,0,100,1001000,-1
34200.000000,4,0,0,1000000,1
34216.534304,4,0,0,1000018,1
34226.257035,4,0,0,1000188,1
34229.874753,4,0,0,1000002,1
34231.141044,4,0,0,999924,1
34231.195843,4,0,0,999897,1
34233.886705,4,0,0,1000095,1
34236.347220,4,0,0,1000230,1
34239.882303,4,0,0,1000437,1
34242.993311,4,0,0,1000506,1
34246.867417,4,0,0,1000601,1
34250.614540,4,0,0,1000486,1
34257.454026,4,0,0,1000734,1
34263.410366,4,0,0,1000595,1
34268.031421,4,0,0,1000522,1
34270.685687,4,0,0,1000491,1
34272.316567,4,0,0,1000440,1
34289.735396,4,0,0,1000614,1
34291.676681,4,0,0,1000598,1
34292.856984,4,0,0,1000594,1
34293.182377,4,0,0,1000588,1
34312.622426,4,0,0,1000877,1
34313.276332,4,0,0,1000852,1
34315.134800,4,0,0,1000839,1
34315.486536,4,0,0,1000852,1
34316.703502,4,0,0,1000760,1
34319.094808,4,0,0,1000722,1
34329.920359,4,0,0,1000806,1
34331.946242,4,0,0,1000888,1
34351.941646,4,0,0,1000914,1
34352.080997,4,0,0,1000902,1
34354.152545,4,0,0,1001005,1
34356.444954,4,0,0,1000987,1
34363.350153,4,0,0,1000987,1
34376.703905,4,0,0,1001013,1
34378.545192,4,0,0,1001008,1
34381.252929,4,0,0,1000962,1
34382.758200,4,0,0,1000990,1
34390.476616,4,0,0,1000825,1
34395.336781,4,0,0,1000767,1
34395.676942,4,0,0,1000755,1
34400.100562,4,0,0,1000655,1
34407.689061,4,0,0,1000664,1
34407.844562,4,0,0,1000667,1
34410.749805,4,0,0,1000672,1
34418.213631,4,0,0,1000648,1
34439.598569,4,0,0,1000767,1
34443.790556,4,0,0,1000939,1
34443.980273,4,0,0,1000961,1
34446.806946,4,0,0,1000696,1
34447.803420,4,0,0,1000753,1
34452.518059,4,0,0,1000548,1
34453.677097,4,0,0,1000452,1
34454.459396,4,0,0,1000457,1
34458.131305,4,0,0,1000327,1
34458.636983,4,0,0,1000382,1
34464.916148,4,0,0,1000468,1
34478.336532,4,0,0,1000316,1
34492.056574,4,0,0,1000009,1
34494.301192,4,0,0,1000034,1
34498.630545,4,0,0,1000161,1
34503.815212,4,0,0,1000171,1
34507.230690,4,0,0,1000344,1
34510.273465,4,0,0,1000390,1
34510.316064,4,0,0,1000398,1
34510.652152,4,0,0,1000389,1
34513.379641,4,0,0,1000420,1
34516.079111,4,0,0,1000400,1
34517.062128,4,0,0,1000307,1
34520.668140,4,0,0,1000540,1
34525.037102,4,0,0,1000524,1
34531.137686,4,0,0,1000536,1
34532.886468,4,0,0,1000623,1
34535.363361,4,0,0,1000631,1
34543.634563,4,0,0,1000658,1
34547.863062,4,0,0,1000701,1
34553.723011,4,0,0,1000559,1
34557.138506,4,0,0,1000699,1
34565.610194,4,0,0,1000748,1
34571.706559,4,0,0,1000669,1
34581.323299,4,0,0,1000809,1
34582.410342,4,0,0,1000827,1
34584.105253,4,0,0,1000765,1
34587.192606,4,0,0,1000777,1
34590.445096,4,0,0,1000775,1
34594.917587,4,0,0,1000808,1
34603.086141,4,0,0,1000858,1
34606.672056,4,0,0,1000924,1
34620.057172,4,0,0,1000697,1
34626.200059,4,0,0,1000695,1
34627.141415,4,0,0,1000650,1
34631.763013,4,0,0,1000701,1
34635.712171,4,0,0,1000567,1
34642.602081,4,0,0,1000278,1
34650.456741,4,0,0,1000215,1
34652.152269,4,0,0,1000380,1
34652.864233,4,0,0,1000428,1
34657.687007,4,0,0,1000436,1
34657.726887,4,0,0,1000461,1
34665.154644,4,0,0,1000432,1
34668.487789,4,0,0,1000414,1
34696.448401,4,0,0,1000630,1
34716.226656,4,0,0,1000690,1
34717.457878,4,0,0,1000685,1
34726.524751,4,0,0,1000611,1
34734.534460,4,0,0,1000598,1
34735.822017,4,0,0,1000657,1
34740.934692,4,0,0,1000507,1
34759.001771,4,0,0,1000359,1
34765.288234,4,0,0,1000525,1
34765.768695,4,0,0,1000613,1
34769.087736,4,0,0,1000444,1
34772.054043,4,0,0,1000478,1
34772.057600,4,0,0,1000483,1
34793.588271,4,0,0,1000424,1
34803.629253,4,0,0,1000329,1
34804.799838,4,0,0,1000396,1
34809.244405,4,0,0,1000336,1
34812.296771,4,0,0,1000272,1
34814.423372,4,0,0,1000230,1
34818.025190,4,0,0,1000098,1
34822.002163,4,0,0,999858,1
34830.572962,4,0,0,1000027,1
34830.883054,4,0,0,1000074,1
34835.339617,4,0,0,1000096,1
34838.687524,4,0,0,1000077,1
34839.522633,4,0,0,1000100,1
34840.273929,4,0,0,1000092,1
34845.128839,4,0,0,999899,1
34855.380885,4,0,0,999705,1
34855.540623,4,0,0,999713,1
34858.210992,4,0,0,999681,1
34868.262654,4,0,0,999436,1
34871.356422,4,0,0,999310,1
34873.546554,4,0,0,999380,1
34874.862454,4,0,0,999293,1
34875.098747,4,0,0,999321,1
34876.019251,4,0,0,999344,1
34879.908635,4,0,0,999246,1
34883.518513,4,0,0,999217,1
34887.274390,4,0,0,999233,1
34888.972832,4,0,0,999257,1
34898.559727,4,0,0,999299,1
34907.531634,4,0,0,999514,1
34910.527731,4,0,0,999594,1
34917.180257,4,0,0,999529,1
34924.496005,4,0,0,999506,1
34926.690117,4,0,0,999439,1
34927.623075,4,0,0,999414,1
34929.016525,4,0,0,999419,1
34930.310072,4,0,0,999285,1
34932.687686,4,0,0,999294,1
34932.722257,4,0,0,999293,1
34934.298424,4,0,0,999278,1
34937.979883,4,0,0,999154,1
34940.608959,4,0,0,999108,1
34944.236577,4,0,0,999036,1
34950.677012,4,0,0,999030,1
34963.472001,4,0,0,998601,1
34965.357810,4,0,0,998579,1
34966.865884,4,0,0,998609,1
34969.957067,4,0,0,998533,1
34974.453255,4,0,0,998435,1
34975.444303,4,0,0,998472,1
34975.580029,4,0,0,998521,1
34976.670577,4,0,0,998554,1
34978.014598,4,0,0,998593,1
34980.754912,4,0,0,998598,1
34985.519457,4,0,0,998684,1
34987.234095,4,0,0,998724,1
35004.964817,4,0,0,998537,1
35014.759484,4,0,0,998601,1
35019.393753,4,0,0,998702,1
35021.364638,4,0,0,998653,1
35022.253748,4,0,0,998671,1
35027.406666,4,0,0,998816,1
35033.414376,4,0,0,998938,1
35033.741264,4,0,0,998938,1
35040.873844,4,0,0,999216,1
35051.365402,4,0,0,999385,1
35056.146743,4,0,0,999358,1
35061.955451,4,0,0,999122,1
35071.472537,4,0,0,999074,1
35085.671673,4,0,0,999103,1
35087.744635,4,0,0,999076,1
35088.036342,4,0,0,999077,1
35089.816647,4,0,0,999187,1
35090.712206,4,0,0,999226,1
35092.951554,4,0,0,999327,1
35096.302912,4,0,0,999202,1
35103.774018,4,0,0,999205,1
35118.336979,4,0,0,999461,1
35119.972877,4,0,0,999408,1
35134.489010,4,0,0,999777,1
35135.461239,4,0,0,999714,1
35138.233295,4,0,0,999659,1
35139.196483,4,0,0,999733,1
35140.639972,4,0,0,999602,1
35140.722937,4,0,0,999614,1
35142.074404,4,0,0,999540,1
35144.409886,4,0,0,999450,1
35147.696132,4,0,0,999453,1
35149.425283,4,0,0,999448,1
35149.488029,4,0,0,999455,1
35159.499037,4,0,0,999429,1
35160.786348,4,0,0,999411,1
35161.967267,4,0,0,999346,1
35161.987218,4,0,0,999348,1
35163.426700,4,0,0,999198,1
35164.963820,4,0,0,999237,1
35169.036183,4,0,0,999257,1
35172.548606,4,0,0,999384,1
35180.223346,4,0,0,999577,1
35187.425042,4,0,0,999384,1
35200.141685,4,0,0,999487,1
35203.707260,4,0,0,999411,1
35216.769617,4,0,0,999318,1
35224.870784,4,0,0,999427,1
35225.873016,4,0,0,999449,1
35231.588261,4,0,0,999501,1
35243.369862,4,0,0,999486,1
35254.524349,4,0,0,999516,1
35263.980802,4,0,0,999343,1
35268.966781,4,0,0,999270,1
35284.358103,4,0,0,999388,1
35285.733331,4,0,0,999319,1
35291.446662,4,0,0,999242,1
35292.077473,4,0,0,999271,1
35297.273251,4,0,0,999265,1
35303.184374,4,0,0,999164,1
35308.512611,4,0,0,999198,1
35311.808205,4,0,0,999316,1
35314.341654,4,0,0,999237,1
35323.973339,4,0,0,999001,1
35327.005792,4,0,0,999011,1
35328.833971,4,0,0,998951,1
35329.064770,4,0,0,998943,1
35334.209169,4,0,0,998879,1
35340.943316,4,0,0,998763,1
35344.293730,4,0,0,998759,1
35350.542915,4,0,0,998782,1
35355.422277,4,0,0,998660,1
35358.756443,4,0,0,998749,1
35359.753623,4,0,0,998814,1
35361.866095,4,0,0,998797,1
35368.119796,4,0,0,998816,1
35374.757083,4,0,0,999004,1
35375.018027,4,0,0,998970,1
35377.689348,4,0,0,998877,1
35382.178857,4,0,0,998831,1
35388.478021,4,0,0,998819,1
35390.913141,4,0,0,998862,1
35394.671141,4,0,0,998879,1
35396.944944,4,0,0,998733,1
35398.931699,4,0,0,998803,1
35400.819115,4,0,0,998882,1
35409.032511,4,0,0,998735,1
35409.417408,4,0,0,998749,1
35409.594477,4,0,0,998734,1
35415.117286,4,0,0,998676,1
35417.272951,4,0,0,998620,1
35430.750649,4,0,0,998896,1
35431.644289,4,0,0,998850,1
35434.179890,4,0,0,998840,1
35436.610246,4,0,0,998876,1
35440.025656,4,0,0,998788,1
35440.841510,4,0,0,998772,1
35460.224876,4,0,0,998736,1
35465.013096,4,0,0,998914,1
35477.701800,4,0,0,998674,1
35482.581384,4,0,0,998667,1
35487.410721,4,0,0,998685,1
35491.802544,4,0,0,998651,1
35493.153607,4,0,0,998727,1
35494.768412,4,0,0,998723,1
35495.640862,4,0,0,998700,1
35501.517194,4,0,0,998795,1
35510.785147,4,0,0,998981,1
35511.969399,4,0,0,998932,1
35512.275768,4,0,0,998955,1
35514.745147,4,0,0,999008,1
35530.867677,4,0,0,998994,1
35531.614401,4,0,0,998957,1
35535.489770,4,0,0,999041,1
35542.653870,4,0,0,999125,1
35543.690176,4,0,0,999075,1
35545.740065,4,0,0,999037,1
35546.944122,4,0,0,999132,1
35549.951218,4,0,0,999073,1
35563.026869,4,0,0,998701,1
35567.795171,4,0,0,998667,1
35568.355074,4,0,0,998673,1
35570.361362,4,0,0,998723,1
35576.176524,4,0,0,998675,1
35601.071668,4,0,0,999170,1
35603.219893,4,0,0,999134,1
35606.717873,4,0,0,999153,1
35607.929048,4,0,0,999213,1
35609.969622,4,0,0,999219,1
35610.651359,4,0,0,999119,1
35611.625861,4,0,0,999154,1
35613.323339,4,0,0,999171,1
35613.561389,4,0,0,999154,1
35615.117048,4,0,0,999226,1
35615.531796,4,0,0,999260,1
35615.673188,4,0,0,999250,1
35631.646426,4,0,0,998958,1
35633.535074,4,0,0,998834,1
35639.110344,4,0,0,998813,1
35640.678704,4,0,0,998776,1
35643.452621,4,0,0,998765,1
35651.630348,4,0,0,998384,1
35659.169825,4,0,0,998385,1
35662.738604,4,0,0,998268,1
35664.826006,4,0,0,998240,1
35666.706198,4,0,0,998392,1
35676.965077,4,0,0,998392,1
35677.532621,4,0,0,998430,1
35679.839365,4,0,0,998459,1
35680.038278,4,0,0,998475,1
35684.845049,4,0,0,998493,1
35698.470110,4,0,0,998472,1
35702.492080,4,0,0,998582,1
35704.649485,4,0,0,998488,1
35706.443327,4,0,0,998447,1
35712.247579,4,0,0,998510,1
35713.010470,4,0,0,998517,1
35719.114111,4,0,0,998772,1
35719.964349,4,0,0,998776,1
35721.530368,4,0,0,998773,1
35738.652175,4,0,0,998851,1
35740.574772,4,0,0,998748,1
35756.098554,4,0,0,999047,1
35767.066946,4,0,0,998998,1
35768.067703,4,0,0,999030,1
35768.238784,4,0,0,999013,1
35770.478218,4,0,0,998912,1
35776.118372,4,0,0,998905,1
35790.485258,4,0,0,998865,1
35792.602494,4,0,0,998905,1
35794.800580,4,0,0,998867,1
35795.514066,4,0,0,998973,1
35802.266724,4,0,0,998993,1
35805.286338,4,0,0,998894,1
35808.426617,4,0,0,998889,1
35809.421219,4,0,0,998959,1
35809.688704,4,0,0,998963,1
35815.233788,4,0,0,998849,1
35818.387422,4,0,0,998804,1
35826.783468,4,0,0,998916,1
35826.918116,4,0,0,998943,1
35835.462525,4,0,0,998834,1
35844.204933,4,0,0,999046,1
35845.757364,4,0,0,999000,1
35847.674659,4,0,0,999141,1
35853.861216,4,0,0,999111,1
35860.265749,4,0,0,998952,1
35867.832893,4,0,0,998915,1
35868.252193,4,0,0,998913,1
35871.164195,4,0,0,998977,1
35880.257311,4,0,0,999137,1
35901.903078,4,0,0,999270,1
35908.050296,4,0,0,999147,1
35915.943303,4,0,0,999158,1
35916.512893,4,0,0,999144,1
35935.187062,4,0,0,999167,1
35937.068801,4,0,0,999140,1
35938.006420,4,0,0,999102,1
35943.308948,4,0,0,999399,1
35943.340578,4,0,0,999396,1
35945.959042,4,0,0,999247,1
35951.657427,4,0,0,999194,1
35951.679221,4,0,0,999202,1
35953.551597,4,0,0,999234,1
35954.287254,4,0,0,999196,1
35954.895928,4,0,0,999236,1
35968.289035,4,0,0,999642,1
35968.658988,4,0,0,999598,1
35971.735595,4,0,0,999597,1
35973.696833,4,0,0,999647,1
35986.606791,4,0,0,999863,1
35990.783559,4,0,0,999892,1
35996.225768,4,0,0,1000000,1
35999.191801,4,0,0,999903,1
36004.431322,4,0,0,1000072,1
36004.748858,4,0,0,1000048,1
36008.306665,4,0,0,999859,1
36018.018667,4,0,0,999875,1
36021.616540,4,0,0,999874,1
36024.069902,4,0,0,999796,1
36024.520528,4,0,0,999778,1
36029.576748,4,0,0,999817,1
36035.086760,4,0,0,999760,1
36040.816153,4,0,0,999679,1
36042.169262,4,0,0,999723,1
36044.673347,4,0,0,999767,1
36047.773262,4,0,0,999679,1
36049.359584,4,0,0,999676,1
36051.736468,4,0,0,999622,1
36052.019108,4,0,0,999627,1
36055.326425,4,0,0,999691,1
36057.911104,4,0,0,999768,1
36060.372445,4,0,0,999735,1
36061.398014,4,0,0,999749,1
36064.690335,4,0,0,999677,1
36069.681452,4,0,0,999768,1
36074.474361,4,0,0,999799,1
36083.683930,4,0,0,999755,1
36083.775085,4,0,0,999761,1
36084.848597,4,0,0,999668,1
36089.056853,4,0,0,999564,1
36101.708879,4,0,0,999561,1
36111.354744,4,0,0,999756,1
36114.217793,4,0,0,999705,1
36136.286426,4,0,0,999776,1
36137.023457,4,0,0,999826,1
36138.817312,4,0,0,999778,1
36138.821749,4,0,0,999780,1
36141.025391,4,0,0,999736,1
36142.292298,4,0,0,999854,1
36143.730422,4,0,0,999862,1
36159.616722,4,0,0,1000021,1
36161.648667,4,0,0,999971,1
36161.671785,4,0,0,999973,1
36166.686867,4,0,0,999914,1
36180.245400,4,0,0,1000142,1
36183.616392,4,0,0,1000026,1
36188.991184,4,0,0,1000247,1
36207.429702,4,0,0,1000277,1
36210.100951,4,0,0,1000324,1
36217.063115,4,0,0,1000233,1
36217.412191,4,0,0,1000241,1
36221.979795,4,0,0,1000259,1
36224.305579,4,0,0,1000257,1
36235.123671,4,0,0,1000316,1
36236.895079,4,0,0,1000223,1
36238.404822,4,0,0,1000047,1
36240.560850,4,0,0,1000101,1
36240.711739,4,0,0,1000071,1
36242.755207,4,0,0,1000111,1
36243.824627,4,0,0,1000036,1
36251.910621,4,0,0,999957,1
36252.420184,4,0,0,1000039,1
36252.573155,4,0,0,1000071,1
36255.946652,4,0,0,1000072,1
36260.398299,4,0,0,1000013,1
36263.538418,4,0,0,1000096,1
36264.260842,4,0,0,1000002,1
36267.903179,4,0,0,1000142,1
36275.725145,4,0,0,1000055,1
36284.827228,4,0,0,999920,1
36295.404896,4,0,0,999930,1
36302.811974,4,0,0,999841,1
36316.591731,4,0,0,999701,1
36318.478032,4,0,0,999761,1
36319.400600,4,0,0,999759,1
36325.529724,4,0,0,999660,1
36330.092708,4,0,0,999699,1
36330.181122,4,0,0,999708,1
36340.349068,4,0,0,999831,1
36346.596493,4,0,0,999792,1
36348.863350,4,0,0,999733,1
36353.805603,4,0,0,999857,1
36356.633888,4,0,0,999845,1
36357.550807,4,0,0,999886,1
36360.285302,4,0,0,999766,1
36362.828117,4,0,0,999680,1
36362.915899,4,0,0,999683,1
36362.921535,4,0,0,999684,1
36369.569242,4,0,0,999761,1
36376.594407,4,0,0,999920,1
36382.189808,4,0,0,1000084,1
36383.175911,4,0,0,1000066,1
36388.609477,4,0,0,1000069,1
36388.764110,4,0,0,1000085,1
36398.974200,4,0,0,1000123,1
36399.102922,4,0,0,1000125,1
36403.389001,4,0,0,1000339,1
36403.564370,4,0,0,1000366,1
36408.165813,4,0,0,1000175,1
36408.275944,4,0,0,1000166,1
36413.556573,4,0,0,1000125,1
36417.678690,4,0,0,1000314,1
36420.772764,4,0,0,1000166,1
36422.451099,4,0,0,1000204,1
36425.390585,4,0,0,1000222,1
36433.635282,4,0,0,1000129,1
36435.857336,4,0,0,1000189,1
36436.657794,4,0,0,1000173,1
36442.150585,4,0,0,999982,1
36446.558074,4,0,0,999855,1
36450.339791,4,0,0,999986,1
36453.637517,4,0,0,999929,1
36454.718160,4,0,0,999998,1
36461.553713,4,0,0,1000013,1
36466.627066,4,0,0,999810,1
36476.475482,4,0,0,999547,1
36481.076418,4,0,0,999591,1
36486.350868,4,0,0,999769,1
36488.593272,4,0,0,999760,1
36490.712865,4,0,0,999733,1
36493.469183,4,0,0,999709,1
36497.120279,4,0,0,999694,1
36525.055413,4,0,0,999677,1
36526.928232,4,0,0,999640,1
36527.879076,4,0,0,999620,1
36528.578916,4,0,0,999593,1
36535.765485,4,0,0,999561,1
36536.354416,4,0,0,999509,1
36536.820397,4,0,0,999503,1
36564.061159,4,0,0,999658,1
36575.078656,4,0,0,999690,1
36582.555024,4,0,0,999535,1
36583.911906,4,0,0,999597,1
36584.895176,4,0,0,999678,1
36590.310555,4,0,0,999484,1
36590.594277,4,0,0,999516,1
36593.641661,4,0,0,999596,1
36605.581989,4,0,0,999498,1
36610.261750,4,0,0,999285,1
36612.330154,4,0,0,999341,1
36621.345958,4,0,0,999520,1
36621.866857,4,0,0,999557,1
36626.730345,4,0,0,999687,1
36631.569428,4,0,0,999816,1
36642.040235,4,0,0,999827,1
36652.484865,4,0,0,1000011,1
36653.728701,4,0,0,1000089,1
36656.292057,4,0,0,1000113,1
36658.339348,4,0,0,1000037,1
36666.937008,4,0,0,1000337,1
36670.244314,4,0,0,1000338,1
36676.244740,4,0,0,1000182,1
36676.798152,4,0,0,1000222,1
36678.773880,4,0,0,1000325,1
36685.811576,4,0,0,1000397,1
36685.832706,4,0,0,1000401,1
36687.602799,4,0,0,1000489,1
36688.293515,4,0,0,1000448,1
36694.925866,4,0,0,1000462,1
36695.216666,4,0,0,1000446,1
36695.943632,4,0,0,1000485,1
36699.367865,4,0,0,1000480,1
36704.604865,4,0,0,1000768,1
36706.049341,4,0,0,1000799,1
36713.496154,4,0,0,1000674,1
36726.717588,4,0,0,1000417,1
36734.350427,4,0,0,1000677,1
36734.807935,4,0,0,1000739,1
36740.772203,4,0,0,1000785,1
36742.765560,4,0,0,1000783,1
36747.943973,4,0,0,1000879,1
36751.436427,4,0,0,1000845,1
36757.095549,4,0,0,1000417,1
36758.132561,4,0,0,1000351,1
36765.274205,4,0,0,1000330,1
36772.548818,4,0,0,1000388,1
36783.397727,4,0,0,1000461,1
36802.295145,4,0,0,1000640,1
36805.517915,4,0,0,1000545,1
36808.491349,4,0,0,1000488,1
36811.637998,4,0,0,1000453,1
36813.208585,4,0,0,1000500,1
36817.678141,4,0,0,1000325,1
36825.921931,4,0,0,1000182,1
36825.963874,4,0,0,1000191,1
36827.309655,4,0,0,1000173,1
36831.697815,4,0,0,1000208,1
36836.323499,4,0,0,1000033,1
36839.378942,4,0,0,1000083,1
36842.719770,4,0,0,1000216,1
36849.380455,4,0,0,1000329,1
36857.690029,4,0,0,1000413,1
36859.522821,4,0,0,1000437,1
36863.307498,4,0,0,1000485,1
36865.993628,4,0,0,1000532,1
36866.981051,4,0,0,1000649,1
36868.587587,4,0,0,1000755,1
36893.186103,4,0,0,1000750,1
36895.129442,4,0,0,1000767,1
36895.387138,4,0,0,1000767,1
36899.316137,4,0,0,1000669,1
36906.494018,4,0,0,1000722,1
36908.009211,4,0,0,1000705,1
36908.365754,4,0,0,1000737,1
36911.425905,4,0,0,1000723,1
36921.221897,4,0,0,1000755,1
36927.660728,4,0,0,1000846,1
36929.756954,4,0,0,1000800,1
36940.426027,4,0,0,1000916,1
36947.223993,4,0,0,1000768,1
36949.092709,4,0,0,1000787,1
36960.415342,4,0,0,1000619,1
36963.153890,4,0,0,1000509,1
36965.340935,4,0,0,1000518,1
36967.183874,4,0,0,1000453,1
36978.682570,4,0,0,1000163,1
36985.411525,4,0,0,999986,1
36992.672657,4,0,0,999836,1
36997.569404,4,0,0,999840,1
37003.909820,4,0,0,999634,1
37003.961042,4,0,0,999620,1
37006.635816,4,0,0,999629,1
37013.980387,4,0,0,999809,1
37025.926610,4,0,0,999646,1
37029.459755,4,0,0,999662,1
37035.035962,4,0,0,999798,1
37049.544220,4,0,0,999856,1
37053.445996,4,0,0,999994,1
37057.752345,4,0,0,1000072,1
37060.475864,4,0,0,999989,1
37062.152044,4,0,0,1000090,1
37067.870058,4,0,0,1000150,1
37070.868880,4,0,0,1000391,1
37071.052007,4,0,0,1000401,1
37072.328747,4,0,0,1000497,1
37089.617757,4,0,0,1000668,1
37096.056188,4,0,0,1000677,1
37100.166723,4,0,0,1000652,1
37101.758756,4,0,0,1000681,1
37102.163359,4,0,0,1000706,1
37107.338002,4,0,0,1000660,1
37109.313970,4,0,0,1000663,1
37119.379535,4,0,0,1000665,1
37134.117862,4,0,0,1000608,1
37141.374769,4,0,0,1000848,1
37143.735444,4,0,0,1000938,1
37145.810063,4,0,0,1000810,1
37148.112350,4,0,0,1000865,1
37154.948305,4,0,0,1000871,1
37158.580792,4,0,0,1000972,1
37166.649261,4,0,0,1000908,1
37169.270379,4,0,0,1000870,1
37171.843346,4,0,0,1000849,1
37178.474301,4,0,0,1000678,1
37182.466301,4,0,0,1000657,1
37182.641475,4,0,0,1000687,1
37184.855666,4,0,0,1000760,1
37186.327468,4,0,0,1000837,1
37186.683858,4,0,0,1000831,1
37186.851926,4,0,0,1000815,1
37189.926244,4,0,0,1000662,1
37190.640355,4,0,0,1000670,1
37192.086150,4,0,0,1000790,1
37193.105226,4,0,0,1000863,1
37195.962044,4,0,0,1000943,1
37208.978416,4,0,0,1001189,1
37211.267562,4,0,0,1001243,1
37212.015871,4,0,0,1001253,1
37216.043430,4,0,0,1001333,1
37216.365074,4,0,0,1001297,1
37216.446440,4,0,0,1001278,1
37221.617387,4,0,0,1001158,1
37226.042680,4,0,0,1000968,1
37230.462510,4,0,0,1001003,1
37232.588098,4,0,0,1001016,1
37234.348109,4,0,0,1001028,1
37242.634241,4,0,0,1000966,1
37246.567357,4,0,0,1000954,1
37248.604789,4,0,0,1000878,1
37253.958903,4,0,0,1001093,1
37259.716171,4,0,0,1001229,1
37265.076782,4,0,0,1001300,1
37270.420546,4,0,0,1001469,1
37279.595243,4,0,0,1001407,1
37283.176909,4,0,0,1001474,1
37287.155175,4,0,0,1001495,1
37294.556712,4,0,0,1001497,1
37299.117440,4,0,0,1001531,1
37301.906565,4,0,0,1001567,1
37302.746379,4,0,0,1001504,1
37306.161710,4,0,0,1001650,1
37311.487889,4,0,0,1001519,1
37316.221700,4,0,0,1001543,1
37323.708621,4,0,0,1001482,1
37331.669785,4,0,0,1001393,1
37333.742620,4,0,0,1001343,1
37339.596684,4,0,0,1001264,1
37339.876263,4,0,0,1001258,1
37344.373002,4,0,0,1001343,1
37344.544179,4,0,0,1001361,1
37355.998951,4,0,0,1001282,1
37359.206303,4,0,0,1001538,1
37370.280775,4,0,0,1001498,1
37373.774424,4,0,0,1001537,1
37378.022938,4,0,0,1001548,1
37379.592091,4,0,0,1001585,1
37381.709728,4,0,0,1001501,1
37385.616913,4,0,0,1001454,1
37389.551221,4,0,0,1001323,1
37392.744096,4,0,0,1001325,1
37410.973441,4,0,0,1001275,1
37413.121615,4,0,0,1001334,1
37423.064598,4,0,0,1001298,1
37426.332855,4,0,0,1001381,1
37429.521138,4,0,0,1001372,1
37444.618956,4,0,0,1001802,1
37446.939344,4,0,0,1001788,1
37455.636463,4,0,0,1001879,1
37461.162348,4,0,0,1001744,1
37462.981572,4,0,0,1001756,1
37464.071921,4,0,0,1001877,1
37478.302611,4,0,0,1001463,1
37487.087126,4,0,0,1001623,1
37497.022235,4,0,0,1001659,1
37498.866064,4,0,0,1001638,1
37499.147966,4,0,0,1001667,1
37500.205195,4,0,0,1001618,1
37502.609564,4,0,0,1001562,1
37504.476626,4,0,0,1001547,1
37506.757109,4,0,0,1001637,1
37517.013917,4,0,0,1001462,1
37518.989047,4,0,0,1001475,1
37519.025948,4,0,0,1001475,1
37520.409867,4,0,0,1001475,1
37524.289001,4,0,0,1001577,1
37530.846778,4,0,0,1001411,1
37535.192469,4,0,0,1001354,1
37541.085428,4,0,0,1001270,1
37548.859624,4,0,0,1001387,1
37558.405841,4,0,0,1001650,1
37565.360454,4,0,0,1001678,1
37569.834389,4,0,0,1001739,1
37573.419107,4,0,0,1001771,1
37579.911856,4,0,0,1001741,1
37603.842146,4,0,0,1001612,1
37607.259193,4,0,0,1001511,1
37613.802006,4,0,0,1001784,1
37614.360782,4,0,0,1001781,1
37615.299048,4,0,0,1001777,1
37618.917181,4,0,0,1001798,1
37640.739748,4,0,0,1001688,1
37645.882840,4,0,0,1001625,1
37646.695094,4,0,0,1001627,1
37647.459633,4,0,0,1001648,1
37647.486105,4,0,0,1001645,1
37656.862719,4,0,0,1001822,1
37659.456858,4,0,0,1001690,1
37672.722518,4,0,0,1001737,1
37674.307264,4,0,0,1001809,1
37675.707004,4,0,0,1001821,1
37683.602601,4,0,0,1001650,1
37684.916540,4,0,0,1001667,1
37690.455467,4,0,0,1001568,1
37691.117399,4,0,0,1001588,1
37695.799368,4,0,0,1001727,1
37738.336514,4,0,0,1002232,1
37744.452027,4,0,0,1002137,1
37748.140398,4,0,0,1002098,1
37749.072070,4,0,0,1002075,1
37750.946673,4,0,0,1002107,1
37753.400672,4,0,0,1002184,1
37755.451650,4,0,0,1002068,1
37757.255182,4,0,0,1002143,1
37758.118850,4,0,0,1002229,1
37774.005109,4,0,0,1001805,1
37775.310746,4,0,0,1001828,1
37778.710767,4,0,0,1001768,1
37779.264595,4,0,0,1001759,1
37779.613908,4,0,0,1001739,1
37786.466062,4,0,0,1001852,1
37786.766475,4,0,0,1001871,1
37790.432994,4,0,0,1001875,1
37791.247344,4,0,0,1001892,1
37793.349426,4,0,0,1002040,1
37799.320507,4,0,0,1001931,1
37808.289135,4,0,0,1001840,1
37812.168620,4,0,0,1001621,1
37812.340190,4,0,0,1001606,1
37813.148178,4,0,0,1001599,1
37820.490684,4,0,0,1001362,1
37824.509733,4,0,0,1001449,1
37825.791208,4,0,0,1001441,1
37831.693235,4,0,0,1001378,1
37835.853685,4,0,0,1001254,1
37842.264467,4,0,0,1001281,1
37845.679324,4,0,0,1001219,1
37849.658421,4,0,0,1001300,1
37849.993535,4,0,0,1001267,1
37871.307193,4,0,0,1001262,1
37875.564769,4,0,0,1001194,1
37880.898798,4,0,0,1001288,1
37881.251054,4,0,0,1001273,1
37887.755906,4,0,0,1001373,1
37896.724296,4,0,0,1001324,1
37902.563206,4,0,0,1001241,1
37906.751110,4,0,0,1001274,1
37906.864035,4,0,0,1001282,1
37907.016636,4,0,0,1001287,1
37912.082209,4,0,0,1001310,1
37916.259475,4,0,0,1001418,1
37920.957176,4,0,0,1001375,1
37925.109619,4,0,0,1001188,1
37926.907110,4,0,0,1001179,1
37936.579759,4,0,0,1001283,1
37940.236048,4,0,0,1001154,1
37940.463856,4,0,0,1001150,1
37946.756056,4,0,0,1001251,1
37953.613358,4,0,0,1001159,1
37966.950834,4,0,0,1001120,1
37967.744922,4,0,0,1001092,1
37968.811912,4,0,0,1001100,1
37969.737453,4,0,0,1001111,1
37972.543961,4,0,0,1000977,1
37980.051054,4,0,0,1000813,1
37983.042014,4,0,0,1000926,1
37988.822477,4,0,0,1001118,1
37993.942861,4,0,0,1001120,1
37994.355138,4,0,0,1001148,1
37996.701940,4,0,0,1001104,1
38000.282306,4,0,0,1000981,1
38001.743085,4,0,0,1000978,1
38005.686543,4,0,0,1001173,1
38009.900121,4,0,0,1001243,1
38015.514633,4,0,0,1001156,1
38020.276710,4,0,0,1001296,1
38025.128801,4,0,0,1001400,1
38036.438707,4,0,0,1001436,1
38036.850549,4,0,0,1001409,1
38044.094658,4,0,0,1001270,1
38045.570108,4,0,0,1001288,1
38050.732833,4,0,0,1001163,1
38052.790480,4,0,0,1001204,1
38054.496259,4,0,0,1001117,1
38058.285021,4,0,0,1001019,1
38059.864349,4,0,0,1001139,1
38069.067255,4,0,0,1001097,1
38077.738079,4,0,0,1000925,1
38080.136635,4,0,0,1000908,1
38080.275679,4,0,0,1000921,1
38080.359801,4,0,0,1000928,1
38081.246736,4,0,0,1000910,1
38086.074215,4,0,0,1000949,1
38088.732948,4,0,0,1001051,1
38093.793720,4,0,0,1000983,1
38100.871660,4,0,0,1000753,1
38103.667278,4,0,0,1000701,1
38110.601794,4,0,0,1000563,1
38121.224440,4,0,0,1000472,1
38121.930401,4,0,0,1000504,1
38137.900532,4,0,0,999856,1
38144.428449,4,0,0,999921,1
38149.346407,4,0,0,1000113,1
38160.390929,4,0,0,1000433,1
38176.907810,4,0,0,1000582,1
38181.428527,4,0,0,1000435,1
38183.226761,4,0,0,1000442,1
38207.590076,4,0,0,1000438,1
38208.760671,4,0,0,1000404,1
38213.143766,4,0,0,1000203,1
38215.544725,4,0,0,1000242,1
38220.713848,4,0,0,1000335,1
38221.350093,4,0,0,1000309,1
38228.768246,4,0,0,1000718,1
38229.720488,4,0,0,1000646,1
38230.995656,4,0,0,1000699,1
38232.909045,4,0,0,1000614,1
38233.310807,4,0,0,1000601,1
38239.842903,4,0,0,1000614,1
38246.261504,4,0,0,1000382,1
38250.168322,4,0,0,1000390,1
38253.409790,4,0,0,1000214,1
38267.824706,4,0,0,1000295,1
38269.983239,4,0,0,1000319,1
38283.013057,4,0,0,1000523,1
38287.630149,4,0,0,1000472,1
38289.880059,4,0,0,1000494,1
38290.775425,4,0,0,1000436,1
38294.253674,4,0,0,1000430,1
38295.126919,4,0,0,1000417,1
38306.760200,4,0,0,1000373,1
38309.546826,4,0,0,1000333,1
38320.113106,4,0,0,1000091,1
38322.899945,4,0,0,1000110,1
38327.641517,4,0,0,1000070,1
38330.929067,4,0,0,999945,1
38343.702486,4,0,0,999982,1
38346.285361,4,0,0,1000093,1
38350.386434,4,0,0,1000029,1
38351.092718,4,0,0,999975,1
38354.142147,4,0,0,1000031,1
38357.771476,4,0,0,1000011,1
38362.062031,4,0,0,1000059,1
38370.634802,4,0,0,1000024,1
38379.680973,4,0,0,1000226,1
38382.232864,4,0,0,1000328,1
38400.005889,4,0,0,999959,1
38413.875972,4,0,0,999764,1
38415.490622,4,0,0,999759,1
38416.619298,4,0,0,999837,1
38434.328688,4,0,0,999848,1
38461.492402,4,0,0,1000187,1
38462.415360,4,0,0,1000211,1
38474.063941,4,0,0,1000276,1
38479.972142,4,0,0,1000059,1
38508.180653,4,0,0,1000110,1
38516.885510,4,0,0,1000067,1
38519.779825,4,0,0,1000021,1
38524.007155,4,0,0,999938,1
38524.647860,4,0,0,999886,1
38540.944062,4,0,0,999857,1
38542.800795,4,0,0,999941,1
38544.571143,4,0,0,999933,1
38549.870208,4,0,0,999852,1
38550.732729,4,0,0,999834,1
38552.017389,4,0,0,999776,1
38557.189760,4,0,0,999729,1
38561.359406,4,0,0,999778,1
38572.447527,4,0,0,999838,1
38577.942613,4,0,0,999898,1
38579.825257,4,0,0,999898,1
38593.726685,4,0,0,999929,1
38594.526328,4,0,0,999883,1
38596.782786,4,0,0,999994,1
38600.058662,4,0,0,999901,1
38605.031306,4,0,0,999883,1
38605.112884,4,0,0,999891,1
38613.792145,4,0,0,999529,1
38633.971987,4,0,0,999757,1
38636.661655,4,0,0,999733,1
38637.266173,4,0,0,999704,1
38638.598728,4,0,0,999713,1
38654.593662,4,0,0,999775,1
38658.500911,4,0,0,999798,1
38666.779237,4,0,0,1000001,1
38669.443219,4,0,0,999972,1
38673.352810,4,0,0,999927,1
38674.727864,4,0,0,999817,1
38678.741376,4,0,0,999870,1
38687.516930,4,0,0,1000080,1
38691.891043,4,0,0,1000151,1
38692.725608,4,0,0,1000095,1
38698.963551,4,0,0,999978,1
38699.849911,4,0,0,999922,1
38700.144767,4,0,0,999950,1
38700.512351,4,0,0,999993,1
38702.834851,4,0,0,999973,1
38702.880367,4,0,0,999967,1
38703.016418,4,0,0,999961,1
38704.030693,4,0,0,999889,1
38721.532407,4,0,0,999973,1
38729.728976,4,0,0,999946,1
38734.297241,4,0,0,1000152,1
38738.532044,4,0,0,1000098,1
38740.289667,4,0,0,1000111,1
38740.852706,4,0,0,1000162,1
38749.175482,4,0,0,1000186,1
38760.359188,4,0,0,1000041,1
38768.932973,4,0,0,1000216,1
38770.058793,4,0,0,1000268,1
38770.740303,4,0,0,1000286,1
38781.727528,4,0,0,1000164,1
38782.683808,4,0,0,1000153,1
38793.985918,4,0,0,999973,1
38807.016821,4,0,0,999790,1
38815.360310,4,0,0,999857,1
38823.428038,4,0,0,999919,1
38823.799148,4,0,0,999957,1
38825.701583,4,0,0,1000046,1
38830.247088,4,0,0,1000047,1
38834.927092,4,0,0,999868,1
38839.030847,4,0,0,999964,1
38842.717419,4,0,0,1000025,1
38844.605025,4,0,0,999997,1
38846.637750,4,0,0,1000020,1
38847.004168,4,0,0,1000044,1
38858.577907,4,0,0,1000172,1
38866.984455,4,0,0,1000139,1
38867.184095,4,0,0,1000159,1
38878.138672,4,0,0,999794,1
38885.179112,4,0,0,999630,1
38905.354057,4,0,0,999776,1
38912.900388,4,0,0,999746,1
38914.579387,4,0,0,999815,1
38918.578795,4,0,0,999839,1
38931.807368,4,0,0,999826,1
38936.918152,4,0,0,999847,1
38940.543404,4,0,0,999775,1
38942.171866,4,0,0,999821,1
38943.021156,4,0,0,999878,1
38945.946786,4,0,0,999937,1
38948.147066,4,0,0,1000016,1
38949.063968,4,0,0,999955,1
38959.798251,4,0,0,1000034,1
38961.194618,4,0,0,1000050,1
38964.338026,4,0,0,1000190,1
38967.206525,4,0,0,1000119,1
38978.131275,4,0,0,1000269,1
38979.093399,4,0,0,1000255,1
38981.360209,4,0,0,1000291,1
38981.841561,4,0,0,1000288,1
38987.367855,4,0,0,1000263,1
38988.821031,4,0,0,1000250,1
38994.266828,4,0,0,1000227,1
39007.356550,4,0,0,1000256,1
39007.890352,4,0,0,1000209,1
39008.147577,4,0,0,1000192,1
39012.318194,4,0,0,1000062,1
39012.660585,4,0,0,1000074,1
39012.962588,4,0,0,1000072,1
39014.742523,4,0,0,1000072,1
39023.541454,4,0,0,999897,1
39025.905120,4,0,0,999875,1
39036.702573,4,0,0,999916,1
39037.198086,4,0,0,999922,1
39048.737915,4,0,0,1000061,1
39054.976292,4,0,0,1000240,1
39055.626524,4,0,0,1000254,1
39061.678272,4,0,0,1000605,1
39073.034612,4,0,0,1000580,1
39082.085785,4,0,0,1000797,1
39086.260204,4,0,0,1000577,1
39087.855665,4,0,0,1000495,1
39090.797600,4,0,0,1000517,1
39103.420314,4,0,0,1000385,1
39106.229479,4,0,0,1000418,1
39109.178435,4,0,0,1000389,1
39110.100465,4,0,0,1000327,1
39111.677947,4,0,0,1000403,1
39119.435820,4,0,0,1000379,1
39119.692591,4,0,0,1000381,1
39122.255212,4,0,0,1000319,1
39132.610053,4,0,0,1000351,1
39140.317558,4,0,0,1000373,1
39142.627520,4,0,0,1000320,1
39144.605367,4,0,0,1000247,1
39149.277306,4,0,0,1000248,1
39153.666857,4,0,0,1000142,1
39165.182547,4,0,0,999975,1
39168.875286,4,0,0,999971,1
39169.999968,4,0,0,999978,1
39172.250115,4,0,0,1000037,1
39177.695687,4,0,0,1000079,1
39180.982170,4,0,0,1000240,1
39182.276673,4,0,0,1000199,1
39189.712036,4,0,0,1000026,1
39194.703567,4,0,0,999857,1
39200.408000,4,0,0,999673,1
39200.991126,4,0,0,999655,1
39205.972894,4,0,0,999572,1
39210.690078,4,0,0,999418,1
39211.374380,4,0,0,999443,1
39216.764166,4,0,0,999493,1
39217.819828,4,0,0,999423,1
39218.755161,4,0,0,999350,1
39231.341461,4,0,0,999509,1
39233.361285,4,0,0,999440,1
39234.991753,4,0,0,999412,1
39238.122054,4,0,0,999298,1
39243.718924,4,0,0,999305,1
39246.500815,4,0,0,999176,1
39247.197225,4,0,0,999200,1
39254.014403,4,0,0,999326,1
39262.428942,4,0,0,999100,1
39263.380665,4,0,0,999148,1
39275.864656,4,0,0,999195,1
39276.078635,4,0,0,999198,1
39290.033179,4,0,0,999446,1
39299.072049,4,0,0,999368,1
39300.105877,4,0,0,999303,1
39302.402285,4,0,0,999329,1
39309.680659,4,0,0,999190,1
39319.361263,4,0,0,999256,1
39319.536620,4,0,0,999258,1
39322.176680,4,0,0,999195,1
39323.769981,4,0,0,999237,1
39325.727843,4,0,0,999235,1
39326.612278,4,0,0,999196,1
39332.298350,4,0,0,999251,1
39332.337622,4,0,0,999240,1
39335.339521,4,0,0,999307,1
39338.733308,4,0,0,999311,1
39344.523173,4,0,0,999298,1
39348.473659,4,0,0,999349,1
39352.398493,4,0,0,999544,1
39357.355176,4,0,0,999405,1
39360.974084,4,0,0,999561,1
39361.941120,4,0,0,999580,1
39362.186696,4,0,0,999608,1
39366.155496,4,0,0,999630,1
39370.006854,4,0,0,999638,1
39371.816536,4,0,0,999629,1
39372.727156,4,0,0,999607,1
39372.812521,4,0,0,999622,1
39373.040275,4,0,0,999587,1
39373.162422,4,0,0,999626,1
39374.706357,4,0,0,999644,1
39382.396923,4,0,0,999673,1
39385.595342,4,0,0,999688,1
39389.159042,4,0,0,999795,1
39390.774247,4,0,0,999770,1
39396.142408,4,0,0,999932,1
39401.485892,4,0,0,999972,1
39401.755636,4,0,0,999972,1
39405.215320,4,0,0,999948,1
39406.740020,4,0,0,1000057,1
39410.530514,4,0,0,999890,1
39412.361030,4,0,0,999832,1
39420.650593,4,0,0,999787,1
39424.945452,4,0,0,999702,1
39432.165087,4,0,0,999777,1
39432.824365,4,0,0,999762,1
39452.184861,4,0,0,999686,1
39463.278332,4,0,0,999625,1
39466.527678,4,0,0,999491,1
39467.311956,4,0,0,999467,1
39468.507212,4,0,0,999424,1
39469.012707,4,0,0,999470,1
39470.246857,4,0,0,999546,1
39472.805710,4,0,0,999632,1
39473.432708,4,0,0,999590,1
39480.992827,4,0,0,999523,1
39503.024010,4,0,0,999055,1
39505.234954,4,0,0,998921,1
39509.172082,4,0,0,998872,1
39510.205063,4,0,0,998802,1
39512.580827,4,0,0,998794,1
39519.362286,4,0,0,998862,1
39524.211526,4,0,0,998856,1
39525.499938,4,0,0,998801,1
39538.911999,4,0,0,998798,1
39540.952281,4,0,0,998821,1
39548.676223,4,0,0,998793,1
39551.611482,4,0,0,998729,1
39553.844551,4,0,0,998636,1
39558.217813,4,0,0,998680,1
39561.306732,4,0,0,998755,1
39561.857196,4,0,0,998735,1
39565.393356,4,0,0,998703,1
39572.767092,4,0,0,998666,1
39577.150577,4,0,0,998611,1
39584.171630,4,0,0,998634,1
39585.762112,4,0,0,998662,1
39589.640304,4,0,0,998463,1
39590.659076,4,0,0,998391,1
39600.460733,4,0,0,998508,1
39601.308308,4,0,0,998505,1
39602.861380,4,0,0,998494,1
39605.978772,4,0,0,998455,1
39606.871240,4,0,0,998492,1
39609.938575,4,0,0,998466,1
39618.487645,4,0,0,998644,1
39620.183279,4,0,0,998669,1
39620.777248,4,0,0,998619,1
39622.987258,4,0,0,998701,1
39623.772132,4,0,0,998687,1
39630.954450,4,0,0,998749,1
39640.086285,4,0,0,998517,1
39643.616040,4,0,0,998434,1
39659.390021,4,0,0,998750,1
39660.060005,4,0,0,998778,1
39664.242055,4,0,0,998772,1
39666.520553,4,0,0,998893,1
39672.016229,4,0,0,998821,1
39686.028603,4,0,0,998995,1
39688.482595,4,0,0,998952,1
39692.148559,4,0,0,998875,1
39694.754983,4,0,0,998816,1
39695.236861,4,0,0,998836,1
39697.390242,4,0,0,998768,1
39710.069100,4,0,0,998952,1
39716.031412,4,0,0,998899,1
39716.468281,4,0,0,998901,1
39727.797351,4,0,0,998719,1
39735.121123,4,0,0,998727,1
39738.961735,4,0,0,998724,1
39764.655338,4,0,0,998497,1
39773.565122,4,0,0,998655,1
39774.239362,4,0,0,998702,1
39775.393280,4,0,0,998761,1
39791.238933,4,0,0,998794,1
39791.346965,4,0,0,998785,1
39795.235487,4,0,0,998897,1
39797.029464,4,0,0,998845,1
39801.570638,4,0,0,998922,1
39807.817208,4,0,0,998715,1
39809.757951,4,0,0,998736,1
39811.274038,4,0,0,998752,1
39816.723137,4,0,0,998649,1
39818.403591,4,0,0,998688,1
39821.282264,4,0,0,998728,1
39828.757737,4,0,0,998642,1
39830.244497,4,0,0,998690,1
39830.822661,4,0,0,998603,1
39835.124072,4,0,0,998662,1
39836.345787,4,0,0,998638,1
39841.906589,4,0,0,998660,1
39845.093197,4,0,0,998656,1
39850.715265,4,0,0,998961,1
39851.095495,4,0,0,998977,1
39854.920387,4,0,0,999054,1
39862.719154,4,0,0,999080,1
39869.201424,4,0,0,999243,1
39871.220131,4,0,0,999318,1
39876.244546,4,0,0,999211,1
39884.842951,4,0,0,999155,1
39887.057620,4,0,0,999063,1
39887.439945,4,0,0,999152,1
39889.060984,4,0,0,999175,1
39890.597379,4,0,0,999181,1
39898.366253,4,0,0,999276,1
39906.573557,4,0,0,999557,1
39911.742116,4,0,0,999502,1
39916.774446,4,0,0,999728,1
39918.084449,4,0,0,999778,1
39921.471163,4,0,0,999655,1
39927.158125,4,0,0,999849,1
39934.598984,4,0,0,999870,1
39935.306266,4,0,0,999855,1
39935.440460,4,0,0,999869,1
39943.460928,4,0,0,999932,1
39944.255641,4,0,0,999957,1
39951.003763,4,0,0,999665,1
39957.660300,4,0,0,999761,1
39968.636556,4,0,0,999877,1
39971.271453,4,0,0,999821,1
39974.092543,4,0,0,999770,1
39976.555702,4,0,0,999759,1
39978.960521,4,0,0,999777,1
39991.197840,4,0,0,999758,1
39995.448952,4,0,0,999714,1
40004.641627,4,0,0,999745,1
40028.723434,4,0,0,999661,1
40031.915132,4,0,0,999526,1
40038.992546,4,0,0,999771,1
40040.265264,4,0,0,999828,1
40045.261387,4,0,0,999799,1
40052.027665,4,0,0,999822,1
40062.479058,4,0,0,999752,1
40062.707469,4,0,0,999704,1
40064.489445,4,0,0,999794,1
40069.722326,4,0,0,999836,1
40075.696196,4,0,0,1000045,1
40086.783293,4,0,0,1000035,1
40089.240177,4,0,0,1000091,1
40094.991859,4,0,0,1000166,1
40097.447918,4,0,0,1000203,1
40107.392007,4,0,0,1000127,1
40110.143512,4,0,0,1000108,1
40126.098482,4,0,0,1000036,1
40134.907600,4,0,0,999947,1
40147.862507,4,0,0,999916,1
40148.500267,4,0,0,999953,1
40149.453960,4,0,0,1000081,1
40161.423597,4,0,0,999935,1
40162.762635,4,0,0,999898,1
40164.936549,4,0,0,1000058,1
40166.205649,4,0,0,1000046,1
40170.684283,4,0,0,999962,1
40171.713515,4,0,0,999969,1
40176.876164,4,0,0,999844,1
40177.007487,4,0,0,999831,1
40194.408886,4,0,0,1000221,1
40194.509561,4,0,0,1000196,1
40197.108716,4,0,0,1000176,1
40197.886948,4,0,0,1000260,1
40198.314550,4,0,0,1000315,1
40199.151061,4,0,0,1000430,1
40199.410141,4,0,0,1000465,1
40217.981651,4,0,0,1000385,1
40224.473909,4,0,0,1000355,1
40236.450323,4,0,0,1000250,1
40242.258129,4,0,0,1000320,1
40246.882227,4,0,0,1000278,1
40250.781672,4,0,0,1000201,1
40254.162992,4,0,0,1000085,1
40261.393366,4,0,0,1000378,1
40264.600336,4,0,0,1000264,1
40267.396160,4,0,0,1000332,1
40269.875577,4,0,0,1000274,1
40270.387384,4,0,0,1000300,1
40275.873523,4,0,0,1000429,1
40277.185422,4,0,0,1000418,1
40287.577585,4,0,0,1000505,1
40292.721010,4,0,0,1000602,1
40294.674905,4,0,0,1000560,1
40302.283433,4,0,0,1000790,1
40302.786173,4,0,0,1000779,1
40307.795339,4,0,0,1000692,1
40308.294257,4,0,0,1000687,1
40318.357007,4,0,0,1000533,1
40318.946419,4,0,0,1000525,1
40319.350833,4,0,0,1000595,1
40324.262035,4,0,0,1000766,1
40327.822028,4,0,0,1000910,1
40328.400580,4,0,0,1000853,1
40329.964849,4,0,0,1000896,1
40331.453483,4,0,0,1001036,1
40359.703714,4,0,0,1001178,1
40363.064792,4,0,0,1001313,1
40368.541957,4,0,0,1001357,1
40378.007925,4,0,0,1001340,1
40380.697882,4,0,0,1001307,1
40386.164450,4,0,0,1001353,1
40386.245197,4,0,0,1001364,1
40387.757560,4,0,0,1001452,1
40389.773494,4,0,0,1001337,1
40391.993062,4,0,0,1001204,1
40394.615850,4,0,0,1001140,1
40395.934241,4,0,0,1001155,1
40397.355810,4,0,0,1001044,1
40399.607770,4,0,0,1001087,1
40423.459544,4,0,0,1001494,1
40423.695630,4,0,0,1001469,1
40430.344499,4,0,0,1001656,1
40439.344579,4,0,0,1001718,1
40447.678462,4,0,0,1001981,1
40458.335733,4,0,0,1002091,1
40460.496494,4,0,0,1001962,1
40462.764612,4,0,0,1001956,1
40462.927579,4,0,0,1001957,1
40463.398689,4,0,0,1001962,1
40464.931530,4,0,0,1002066,1
40471.123466,4,0,0,1002018,1
40472.171250,4,0,0,1002093,1
40474.595222,4,0,0,1002089,1
40475.787758,4,0,0,1002080,1
40479.262893,4,0,0,1002179,1
40487.122465,4,0,0,1002036,1
40492.606964,4,0,0,1001944,1
40497.226391,4,0,0,1001964,1
40499.041002,4,0,0,1002048,1
40499.373810,4,0,0,1002037,1
40518.480363,4,0,0,1001917,1
40524.414985,4,0,0,1001960,1
40537.647984,4,0,0,1001701,1
40540.129231,4,0,0,1001743,1
40547.316947,4,0,0,1001534,1
40551.547055,4,0,0,1001533,1
40552.534605,4,0,0,1001483,1
40557.650040,4,0,0,1001682,1
40558.506176,4,0,0,1001645,1
40558.851630,4,0,0,1001632,1
40562.676361,4,0,0,1001626,1
40565.987198,4,0,0,1001584,1
40579.875118,4,0,0,1001736,1
40585.673665,4,0,0,1001862,1
40586.507740,4,0,0,1001790,1
40592.029996,4,0,0,1001769,1
40593.365816,4,0,0,1001807,1
40593.998863,4,0,0,1001743,1
40602.406526,4,0,0,1001886,1
40607.645816,4,0,0,1001876,1
40611.418343,4,0,0,1001949,1
40616.305848,4,0,0,1002146,1
40618.737061,4,0,0,1002276,1
40619.634971,4,0,0,1002268,1
40619.640914,4,0,0,1002270,1
40628.031171,4,0,0,1002489,1
40632.542435,4,0,0,1002452,1
40638.318330,4,0,0,1002799,1
40652.375130,4,0,0,1002751,1
40652.561815,4,0,0,1002739,1
40654.976475,4,0,0,1002637,1
40656.817157,4,0,0,1002581,1
40661.556660,4,0,0,1002512,1
40665.055775,4,0,0,1002447,1
40669.917847,4,0,0,1002452,1
40677.338986,4,0,0,1002437,1
40687.984105,4,0,0,1002489,1
40690.406608,4,0,0,1002460,1
40698.822809,4,0,0,1002454,1
40702.924216,4,0,0,1002414,1
40710.066434,4,0,0,1002316,1
40710.094702,4,0,0,1002306,1
40713.314189,4,0,0,1002312,1
40715.950067,4,0,0,1002346,1
40720.113600,4,0,0,1002243,1
40722.393268,4,0,0,1002259,1
40722.927284,4,0,0,1002231,1
40729.402762,4,0,0,1002179,1
40730.426690,4,0,0,1002102,1
40731.623049,4,0,0,1002125,1
40732.204589,4,0,0,1002138,1
40734.781240,4,0,0,1002042,1
40734.789230,4,0,0,1002035,1
40735.971915,4,0,0,1002069,1
40738.747158,4,0,0,1001941,1
40738.793729,4,0,0,1001936,1
40743.773551,4,0,0,1001893,1
40744.659231,4,0,0,1001876,1
40746.169343,4,0,0,1001896,1
40751.146839,4,0,0,1001916,1
40756.002511,4,0,0,1001882,1
40757.758301,4,0,0,1001894,1
40763.568836,4,0,0,1001873,1
40765.388975,4,0,0,1001924,1
40768.318563,4,0,0,1002003,1
40796.794175,4,0,0,1001964,1
40798.285348,4,0,0,1001997,1
40801.094886,4,0,0,1002142,1
40802.746518,4,0,0,1002047,1
40805.873651,4,0,0,1002087,1
40806.870333,4,0,0,1002071,1
40809.926474,4,0,0,1002196,1
40825.666340,4,0,0,1002214,1
40829.048931,4,0,0,1002106,1
40829.566337,4,0,0,1002061,1
40831.162960,4,0,0,1002065,1
40843.920656,4,0,0,1002316,1
40845.256997,4,0,0,1002324,1
40847.301817,4,0,0,1002294,1
40856.411712,4,0,0,1002180,1
40861.830245,4,0,0,1002061,1
40863.250219,4,0,0,1002139,1
40863.840662,4,0,0,1002125,1
40864.253598,4,0,0,1002158,1
40865.981879,4,0,0,1002211,1
40876.740941,4,0,0,1002083,1
40876.866588,4,0,0,1002115,1
40889.560691,4,0,0,1001871,1
40895.203807,4,0,0,1001612,1
40897.941826,4,0,0,1001618,1
40900.468834,4,0,0,1001669,1
40903.477890,4,0,0,1001587,1
40916.158087,4,0,0,1001660,1
40916.429660,4,0,0,1001662,1
40918.383297,4,0,0,1001630,1
40920.504686,4,0,0,1001625,1
40931.204234,4,0,0,1001402,1
40935.594864,4,0,0,1001394,1
40943.583717,4,0,0,1001497,1
40948.745885,4,0,0,1001518,1
40950.561501,4,0,0,1001545,1
40961.013026,4,0,0,1001636,1
40962.401598,4,0,0,1001658,1
40964.705472,4,0,0,1001656,1
40966.387968,4,0,0,1001645,1
40970.645735,4,0,0,1001619,1
40976.596658,4,0,0,1001458,1
40983.439617,4,0,0,1001664,1
40986.704741,4,0,0,1001583,1
40994.632196,4,0,0,1001705,1
40996.432118,4,0,0,1001677,1
40997.320007,4,0,0,1001594,1
40998.862443,4,0,0,1001642,1
41005.559768,4,0,0,1001337,1
41006.520697,4,0,0,1001364,1
41012.819031,4,0,0,1001206,1
41014.542563,4,0,0,1001275,1
41018.513225,4,0,0,1000996,1
41018.630752,4,0,0,1001009,1
41022.256216,4,0,0,1001012,1
41022.874466,4,0,0,1001011,1
41023.288809,4,0,0,1001020,1
41026.552693,4,0,0,1000887,1
41032.219671,4,0,0,1000911,1
41037.742246,4,0,0,1000873,1
41041.747725,4,0,0,1000901,1
41051.034538,4,0,0,1001091,1
41058.766252,4,0,0,1000963,1
41060.885086,4,0,0,1000973,1
41067.781443,4,0,0,1000945,1
41069.035084,4,0,0,1000915,1
41072.821939,4,0,0,1000778,1
41074.209916,4,0,0,1000740,1
41082.489636,4,0,0,1000862,1
41082.527975,4,0,0,1000859,1
41083.094677,4,0,0,1000809,1
41087.805509,4,0,0,1000941,1
41094.846708,4,0,0,1001104,1
41103.437478,4,0,0,1001204,1
41111.407432,4,0,0,1001273,1
41112.896475,4,0,0,1001329,1
41116.520679,4,0,0,1001465,1
41118.791917,4,0,0,1001495,1
41124.618017,4,0,0,1001562,1
41124.989341,4,0,0,1001538,1
41126.268110,4,0,0,1001556,1
41143.968586,4,0,0,1001530,1
41148.257433,4,0,0,1001611,1
41151.563016,4,0,0,1001622,1
41160.228645,4,0,0,1001574,1
41166.123163,4,0,0,1001710,1
41174.207498,4,0,0,1002102,1
41178.053309,4,0,0,1002012,1
41179.801286,4,0,0,1001968,1
41186.028358,4,0,0,1001868,1
41186.944930,4,0,0,1001794,1
41189.461924,4,0,0,1001820,1
41192.854581,4,0,0,1001804,1
41196.799286,4,0,0,1001805,1
41209.515381,4,0,0,1001903,1
41213.609816,4,0,0,1001915,1
41216.579100,4,0,0,1002132,1
41221.870054,4,0,0,1002204,1
41225.757191,4,0,0,1002240,1
41230.502134,4,0,0,1002234,1
41235.231060,4,0,0,1002083,1
41237.677866,4,0,0,1002051,1
41244.385032,4,0,0,1001921,1
41244.483496,4,0,0,1001903,1
41244.940988,4,0,0,1001884,1
41251.568809,4,0,0,1001759,1
41257.596663,4,0,0,1001774,1
41266.280624,4,0,0,1001501,1
41289.125736,4,0,0,1001405,1
41289.314712,4,0,0,1001413,1
41291.496426,4,0,0,1001551,1
41295.163477,4,0,0,1001454,1
41301.871701,4,0,0,1001277,1
41308.799217,4,0,0,1001400,1
41310.043362,4,0,0,1001401,1
41311.023113,4,0,0,1001443,1
41325.532085,4,0,0,1001502,1
41327.321223,4,0,0,1001683,1
41338.887311,4,0,0,1001685,1
41339.222280,4,0,0,1001712,1
41339.318470,4,0,0,1001702,1
41342.184225,4,0,0,1001704,1
41343.113298,4,0,0,1001664,1
41352.528186,4,0,0,1001699,1
41356.824897,4,0,0,1001763,1
41359.491905,4,0,0,1001774,1
41359.533625,4,0,0,1001773,1
41365.054912,4,0,0,1001751,1
41367.699484,4,0,0,1001724,1
41377.606851,4,0,0,1001985,1
41378.099534,4,0,0,1002008,1
41384.857359,4,0,0,1002001,1
41388.847490,4,0,0,1001955,1
41391.327993,4,0,0,1001927,1
41397.307823,4,0,0,1002009,1
41401.133822,4,0,0,1001895,1
41414.080993,4,0,0,1001994,1
41417.522164,4,0,0,1002010,1
41424.204174,4,0,0,1001878,1
41432.681642,4,0,0,1001759,1
41432.889344,4,0,0,1001740,1
41433.897003,4,0,0,1001742,1
41435.570312,4,0,0,1001729,1
41435.918259,4,0,0,1001764,1
41436.290047,4,0,0,1001804,1
41446.315704,4,0,0,1001580,1
41446.759200,4,0,0,1001624,1
41448.449754,4,0,0,1001645,1
41459.383425,4,0,0,1001601,1
41462.352933,4,0,0,1001582,1
41465.473814,4,0,0,1001508,1
41469.525281,4,0,0,1001520,1
41474.268941,4,0,0,1001438,1
41477.251433,4,0,0,1001466,1
41477.570015,4,0,0,1001430,1
41489.416088,4,0,0,1001359,1
41489.829511,4,0,0,1001351,1
41492.197281,4,0,0,1001391,1
41492.843715,4,0,0,1001348,1
41496.746036,4,0,0,1001274,1
41501.843841,4,0,0,1001351,1
41504.643010,4,0,0,1001327,1
41507.631913,4,0,0,1001357,1
41508.892870,4,0,0,1001302,1
41512.852471,4,0,0,1001257,1
41516.903247,4,0,0,1001347,1
41520.507440,4,0,0,1001419,1
41524.367916,4,0,0,1001657,1
41525.623086,4,0,0,1001670,1
41526.081844,4,0,0,1001646,1
41546.947683,4,0,0,1001154,1
41565.844529,4,0,0,1001053,1
41566.196038,4,0,0,1001066,1
41566.742800,4,0,0,1001037,1
41582.956571,4,0,0,1000758,1
41609.679250,4,0,0,1000804,1
41618.169577,4,0,0,1000976,1
41619.469333,4,0,0,1000982,1
41620.038932,4,0,0,1000916,1
41621.891183,4,0,0,1000907,1
41626.101389,4,0,0,1000939,1
41628.991810,4,0,0,1001016,1
41634.209158,4,0,0,1001024,1
41635.688405,4,0,0,1000969,1
41642.957281,4,0,0,1001037,1
41644.246684,4,0,0,1001117,1
41647.149050,4,0,0,1001196,1
41656.230489,4,0,0,1001260,1
41663.960786,4,0,0,1001122,1
41669.810669,4,0,0,1001074,1
41675.638513,4,0,0,1001226,1
41678.368893,4,0,0,1001108,1
41678.884988,4,0,0,1001111,1
41680.806495,4,0,0,1001120,1
41692.055537,4,0,0,1001010,1
41704.899537,4,0,0,1000915,1
41712.550018,4,0,0,1000834,1
41734.062489,4,0,0,1000865,1
41748.593035,4,0,0,1001070,1
41773.858090,4,0,0,1001388,1
41774.312249,4,0,0,1001373,1
41777.159981,4,0,0,1001192,1
41782.047904,4,0,0,1001247,1
41785.239463,4,0,0,1001185,1
41789.593548,4,0,0,1001174,1
41793.964766,4,0,0,1001100,1
41801.094148,4,0,0,1001010,1
41814.691334,4,0,0,1000849,1
41819.251792,4,0,0,1000741,1
41820.735242,4,0,0,1000695,1
41824.375363,4,0,0,1000794,1
41828.830820,4,0,0,1000707,1
41832.930792,4,0,0,1000796,1
41839.565562,4,0,0,1000852,1
41839.632711,4,0,0,1000843,1
41843.029892,4,0,0,1000903,1
41851.888860,4,0,0,1000930,1
41858.061367,4,0,0,1001144,1
41860.397589,4,0,0,1001195,1
41864.869663,4,0,0,1001202,1
41867.475502,4,0,0,1001170,1
41869.246306,4,0,0,1001069,1
41873.746344,4,0,0,1001079,1
41873.757356,4,0,0,1001075,1
41875.387616,4,0,0,1001150,1
41879.041776,4,0,0,1001145,1
41884.506675,4,0,0,1001242,1
41888.460402,4,0,0,1001110,1
41893.872737,4,0,0,1001159,1
41896.196626,4,0,0,1001042,1
41901.547880,4,0,0,1001059,1
41905.347610,4,0,0,1001087,1
41907.153475,4,0,0,1000973,1
41911.423872,4,0,0,1001003,1
41932.906203,4,0,0,1001278,1
41935.353140,4,0,0,1001508,1
41941.632238,4,0,0,1001416,1
41945.153624,4,0,0,1001526,1
41952.223193,4,0,0,1001554,1
41955.094351,4,0,0,1001541,1
41955.124368,4,0,0,1001527,1
41959.108957,4,0,0,1001350,1
41960.954356,4,0,0,1001321,1
41967.266695,4,0,0,1001382,1
41972.539315,4,0,0,1001399,1
41973.027089,4,0,0,1001347,1
41975.614440,4,0,0,1001226,1
41983.384328,4,0,0,1001094,1
41993.024726,4,0,0,1001267,1
41994.237244,4,0,0,1001272,1
41994.841184,4,0,0,1001283,1
42003.540564,4,0,0,1001341,1
42011.208676,4,0,0,1001162,1
42011.247390,4,0,0,1001159,1
42016.011154,4,0,0,1001021,1
42017.215597,4,0,0,1001012,1
42020.679852,4,0,0,1000948,1
42021.771896,4,0,0,1000955,1
42026.786612,4,0,0,1000920,1
42029.411811,4,0,0,1000818,1
42031.131161,4,0,0,1000885,1
42031.836246,4,0,0,1000884,1
42031.928921,4,0,0,1000874,1
42035.525894,4,0,0,1000827,1
42041.548954,4,0,0,1000849,1
42047.023543,4,0,0,1000957,1
42050.203785,4,0,0,1000859,1
42051.409728,4,0,0,1000875,1
42053.012107,4,0,0,1000839,1
42057.350843,4,0,0,1000586,1
42060.706756,4,0,0,1000602,1
42070.287833,4,0,0,1000502,1
42080.643574,4,0,0,1000606,1
42114.214485,4,0,0,1000170,1
42119.338666,4,0,0,1000069,1
42123.377454,4,0,0,1000055,1
42126.543919,4,0,0,1000052,1
42132.846123,4,0,0,1000323,1
42138.979668,4,0,0,1000261,1
42143.051533,4,0,0,1000346,1
42146.876288,4,0,0,1000466,1
42150.150733,4,0,0,1000329,1
42150.344501,4,0,0,1000312,1
42153.283380,4,0,0,1000320,1
42155.294289,4,0,0,1000342,1
42156.642811,4,0,0,1000339,1
42157.582406,4,0,0,1000436,1
42158.760631,4,0,0,1000556,1
42162.949863,4,0,0,1000560,1
42184.867824,4,0,0,1000566,1
42186.334907,4,0,0,1000516,1
42197.207491,4,0,0,1000571,1
42197.407153,4,0,0,1000537,1
42202.632269,4,0,0,1000627,1
42202.796203,4,0,0,1000663,1
42203.349201,4,0,0,1000653,1
42204.482848,4,0,0,1000617,1
42206.567878,4,0,0,1000717,1
42207.256959,4,0,0,1000736,1
42228.910796,4,0,0,1000633,1
42242.964739,4,0,0,1001097,1
42247.763302,4,0,0,1001152,1
42252.384014,4,0,0,1001242,1
42252.992920,4,0,0,1001210,1
42255.006930,4,0,0,1001114,1
42255.510550,4,0,0,1001096,1
42259.686975,4,0,0,1001012,1
42260.973117,4,0,0,1001016,1
42269.235315,4,0,0,1000755,1
42269.474326,4,0,0,1000773,1
42270.352948,4,0,0,1000803,1
42274.937250,4,0,0,1001063,1
42279.033458,4,0,0,1001060,1
42280.791860,4,0,0,1001058,1
42291.129664,4,0,0,1000946,1
42291.573375,4,0,0,1000927,1
42294.233767,4,0,0,1000977,1
42295.473751,4,0,0,1000966,1
42296.207996,4,0,0,1000943,1
42297.176077,4,0,0,1000937,1
42304.350616,4,0,0,1000742,1
42314.579241,4,0,0,1000758,1
42324.381477,4,0,0,1000511,1
42325.359173,4,0,0,1000480,1
42337.485344,4,0,0,1000372,1
42340.471352,4,0,0,1000371,1
42354.698709,4,0,0,1000643,1
42364.116594,4,0,0,1000583,1
42367.814851,4,0,0,1000584,1
42378.136692,4,0,0,1000470,1
42383.764202,4,0,0,1000337,1
42387.741530,4,0,0,1000549,1
42392.133923,4,0,0,1000598,1
42393.426464,4,0,0,1000520,1
42404.790912,4,0,0,1000580,1
42405.551318,4,0,0,1000625,1
42406.117141,4,0,0,1000663,1
42420.794538,4,0,0,1000564,1
42427.843745,4,0,0,1000548,1
42430.704493,4,0,0,1000595,1
42430.798095,4,0,0,1000589,1
42431.095854,4,0,0,1000553,1
42431.853327,4,0,0,1000573,1
42436.150180,4,0,0,1000375,1
42447.798897,4,0,0,1000200,1
42448.137454,4,0,0,1000249,1
42448.573465,4,0,0,1000281,1
42456.847547,4,0,0,1000438,1
42460.509892,4,0,0,1000316,1
42461.343858,4,0,0,1000364,1
42464.984616,4,0,0,1000355,1
42471.875824,4,0,0,1000356,1
42472.455334,4,0,0,1000344,1
42474.042727,4,0,0,1000307,1
42480.015217,4,0,0,1000254,1
42482.131292,4,0,0,1000339,1
42491.318160,4,0,0,1000513,1
42493.690367,4,0,0,1000696,1
42495.281505,4,0,0,1000798,1
42503.146789,4,0,0,1000706,1
42505.704571,4,0,0,1000734,1
42510.436795,4,0,0,1000726,1
42513.857686,4,0,0,1000803,1
42515.767179,4,0,0,1000822,1
42516.955457,4,0,0,1000784,1
42523.208091,4,0,0,1000590,1
42527.346033,4,0,0,1000488,1
42542.009840,4,0,0,1000338,1
42545.404313,4,0,0,1000308,1
42545.497417,4,0,0,1000336,1
42545.560238,4,0,0,1000343,1
42546.275473,4,0,0,1000325,1
42549.602590,4,0,0,1000183,1
42550.413982,4,0,0,1000142,1
42555.140631,4,0,0,1000211,1
42565.631890,4,0,0,1000096,1
42585.562037,4,0,0,1000325,1
42585.893346,4,0,0,1000342,1
42607.186348,4,0,0,1000592,1
42612.082847,4,0,0,1000709,1
42621.244204,4,0,0,1000675,1
42627.424538,4,0,0,1000841,1
42631.177809,4,0,0,1001021,1
42648.945683,4,0,0,1001309,1
42649.326269,4,0,0,1001318,1
42657.880805,4,0,0,1001477,1
42658.356142,4,0,0,1001443,1
42659.518198,4,0,0,1001416,1
42664.361439,4,0,0,1001223,1
42666.816440,4,0,0,1001297,1
42673.524690,4,0,0,1001153,1
42675.156458,4,0,0,1001157,1
42676.701654,4,0,0,1001150,1
42679.601347,4,0,0,1001132,1
42681.962330,4,0,0,1001179,1
42685.687105,4,0,0,1001192,1
42686.813580,4,0,0,1001235,1
42691.845345,4,0,0,1001210,1
42701.819546,4,0,0,1001129,1
42720.954481,4,0,0,1001043,1
42723.774921,4,0,0,1001097,1
42727.302435,4,0,0,1001141,1
42731.140102,4,0,0,1001150,1
42743.509626,4,0,0,1001001,1
42754.300506,4,0,0,1000935,1
42754.350187,4,0,0,1000944,1
42775.685570,4,0,0,1000712,1
42779.255098,4,0,0,1000799,1
42783.184118,4,0,0,1000937,1
42784.283580,4,0,0,1000956,1
42795.092946,4,0,0,1000872,1
42796.354473,4,0,0,1000826,1
42798.517751,4,0,0,1000755,1
42804.751084,4,0,0,1000913,1
42806.087920,4,0,0,1000986,1
42818.308990,4,0,0,1000931,1
42819.482503,4,0,0,1000825,1
42821.895696,4,0,0,1000849,1
42829.828817,4,0,0,1000692,1
42831.578365,4,0,0,1000703,1
42832.561758,4,0,0,1000615,1
42835.344775,4,0,0,1000685,1
42849.618072,4,0,0,1000897,1
42856.500841,4,0,0,1000736,1
42861.530083,4,0,0,1000673,1
42866.508237,4,0,0,1000748,1
42872.867798,4,0,0,1000633,1
42880.791830,4,0,0,1000571,1
42886.359986,4,0,0,1000620,1
42890.981791,4,0,0,1000622,1
42899.986294,4,0,0,1000518,1
42906.504200,4,0,0,1000675,1
42911.962043,4,0,0,1000680,1
42912.599339,4,0,0,1000675,1
42924.205256,4,0,0,1000548,1
42927.796346,4,0,0,1000570,1
42928.672234,4,0,0,1000536,1
42938.055375,4,0,0,1000470,1
42941.754693,4,0,0,1000528,1
42945.227856,4,0,0,1000558,1
42946.763505,4,0,0,1000665,1
42947.750183,4,0,0,1000699,1
42949.247829,4,0,0,1000736,1
42951.638221,4,0,0,1000833,1
42954.015241,4,0,0,1000800,1
42970.215498,4,0,0,1000837,1
42983.129464,4,0,0,1000332,1
42987.129558,4,0,0,1000322,1
42987.335193,4,0,0,1000309,1
43011.011212,4,0,0,1000040,1
43015.278006,4,0,0,1000028,1
43018.660959,4,0,0,999906,1
43028.434648,4,0,0,999849,1
43028.763991,4,0,0,999855,1
43034.856254,4,0,0,1000048,1
43043.865119,4,0,0,999897,1
43044.747665,4,0,0,999926,1
43048.203157,4,0,0,999927,1
43059.742785,4,0,0,999740,1
43059.871195,4,0,0,999776,1
43060.397579,4,0,0,999729,1
43070.241417,4,0,0,999677,1
43077.553061,4,0,0,999475,1
43092.880420,4,0,0,999605,1
43093.523551,4,0,0,999596,1
43095.629496,4,0,0,999566,1
43097.633742,4,0,0,999513,1
43098.647814,4,0,0,999617,1
43103.130552,4,0,0,999526,1
43103.642379,4,0,0,999514,1
43106.708501,4,0,0,999503,1
43108.176155,4,0,0,999498,1
43113.706664,4,0,0,999674,1
43117.396865,4,0,0,999554,1
43118.978769,4,0,0,999552,1
43120.952211,4,0,0,999508,1
43124.445434,4,0,0,999453,1
43134.509776,4,0,0,999584,1
43139.976404,4,0,0,999746,1
43148.749938,4,0,0,999821,1
43149.151567,4,0,0,999807,1
43149.870605,4,0,0,999880,1
43153.226739,4,0,0,999739,1
43157.301825,4,0,0,999648,1
43159.059979,4,0,0,999679,1
43166.713564,4,0,0,999410,1
43167.099301,4,0,0,999399,1
43170.977170,4,0,0,999434,1
43181.010061,4,0,0,999281,1
43186.695040,4,0,0,999632,1
43188.778153,4,0,0,999588,1
43205.860044,4,0,0,999476,1
43206.002472,4,0,0,999471,1
43208.132145,4,0,0,999445,1
43212.168048,4,0,0,999389,1
43217.651414,4,0,0,999365,1
43217.783706,4,0,0,999371,1
43222.172213,4,0,0,999186,1
43232.875707,4,0,0,999233,1
43234.991701,4,0,0,999264,1
43240.502465,4,0,0,999333,1
43241.745508,4,0,0,999318,1
43242.318413,4,0,0,999328,1
43246.851948,4,0,0,999163,1
43247.984633,4,0,0,999241,1
43249.386360,4,0,0,999269,1
43259.438369,4,0,0,999381,1
43268.419472,4,0,0,999504,1
43280.898050,4,0,0,999673,1
43293.928268,4,0,0,999536,1
43294.308837,4,0,0,999556,1
43301.139505,4,0,0,999575,1
43306.377615,4,0,0,999422,1
43311.375164,4,0,0,999395,1
43311.643713,4,0,0,999366,1
43312.410777,4,0,0,999325,1
43312.561772,4,0,0,999307,1
43330.400095,4,0,0,999064,1
43335.497513,4,0,0,999074,1
43337.577362,4,0,0,999009,1
43339.729720,4,0,0,998987,1
43355.156048,4,0,0,999205,1
43355.535907,4,0,0,999209,1
43358.188973,4,0,0,999298,1
43358.583085,4,0,0,999342,1
43363.450375,4,0,0,999179,1
43364.475498,4,0,0,999198,1
43368.847948,4,0,0,999224,1
43369.928657,4,0,0,999171,1
43370.515055,4,0,0,999133,1
43385.900699,4,0,0,998796,1
43386.403068,4,0,0,998764,1
43387.430223,4,0,0,998831,1
43392.764812,4,0,0,998708,1
43400.302856,4,0,0,998605,1
43401.685235,4,0,0,998587,1
43413.725195,4,0,0,998667,1
43415.310367,4,0,0,998578,1
43417.411190,4,0,0,998525,1
43418.118834,4,0,0,998464,1
43418.336249,4,0,0,998445,1
43418.955373,4,0,0,998426,1
43424.922196,4,0,0,998576,1
43431.534646,4,0,0,998587,1
43431.550112,4,0,0,998592,1
43433.334732,4,0,0,998654,1
43436.759793,4,0,0,998753,1
43441.157376,4,0,0,998806,1
43443.121157,4,0,0,998761,1
43445.923950,4,0,0,998702,1
43456.690302,4,0,0,998757,1
43458.095863,4,0,0,998751,1
43459.439931,4,0,0,998755,1
43461.464698,4,0,0,998831,1
43474.951415,4,0,0,998934,1
43484.284149,4,0,0,998751,1
43492.092668,4,0,0,998792,1
43496.335008,4,0,0,998722,1
43497.802298,4,0,0,998659,1
43501.333510,4,0,0,998671,1
43518.337541,4,0,0,998607,1
43520.853486,4,0,0,998523,1
43524.866119,4,0,0,998532,1
43535.306827,4,0,0,998587,1
43541.375478,4,0,0,998687,1
43542.404533,4,0,0,998681,1
43547.178636,4,0,0,998541,1
43552.765817,4,0,0,998532,1
43568.399652,4,0,0,998444,1
43569.437224,4,0,0,998478,1
43570.368108,4,0,0,998463,1
43576.204519,4,0,0,998502,1
43583.910032,4,0,0,998226,1
43586.626031,4,0,0,998168,1
43590.152948,4,0,0,997991,1
43591.123823,4,0,0,998100,1
43591.450625,4,0,0,998092,1
43596.631419,4,0,0,997984,1
43597.379751,4,0,0,998005,1
43598.537632,4,0,0,998055,1
43599.308126,4,0,0,998065,1
43610.825995,4,0,0,998315,1
43619.125532,4,0,0,998340,1
43623.317690,4,0,0,998317,1
43625.964728,4,0,0,998253,1
43632.907969,4,0,0,998129,1
43636.656685,4,0,0,998130,1
43638.704966,4,0,0,998125,1
43641.935304,4,0,0,998159,1
43642.160725,4,0,0,998151,1
43643.334675,4,0,0,998160,1
43644.336316,4,0,0,998061,1
43645.538978,4,0,0,998037,1
43647.115535,4,0,0,998139,1
43654.186877,4,0,0,998180,1
43656.077174,4,0,0,998072,1
43663.181044,4,0,0,997988,1
43664.796521,4,0,0,997987,1
43670.686717,4,0,0,998017,1
43686.349487,4,0,0,998054,1
43687.255837,4,0,0,998059,1
43693.684163,4,0,0,998106,1
43698.921255,4,0,0,998254,1
43709.683179,4,0,0,998437,1
43713.717841,4,0,0,998372,1
43719.120476,4,0,0,998468,1
43719.437530,4,0,0,998441,1
43725.352065,4,0,0,998366,1
43729.036704,4,0,0,998329,1
43730.167059,4,0,0,998328,1
43736.453948,4,0,0,998421,1
43738.421368,4,0,0,998384,1
43749.502414,4,0,0,998077,1
43752.921287,4,0,0,998076,1
43757.583039,4,0,0,998117,1
43758.702981,4,0,0,998097,1
43762.489203,4,0,0,997898,1
43763.671569,4,0,0,997911,1
43780.956829,4,0,0,997920,1
43781.650232,4,0,0,997851,1
43783.089881,4,0,0,997902,1
43786.951333,4,0,0,997812,1
43794.376814,4,0,0,997926,1
43798.508607,4,0,0,997897,1
43801.733780,4,0,0,997902,1
43805.499984,4,0,0,997882,1
43809.699178,4,0,0,997739,1
43817.781800,4,0,0,997784,1
43819.161298,4,0,0,997778,1
43822.372345,4,0,0,997727,1
43825.227816,4,0,0,997616,1
43826.711722,4,0,0,997648,1
43832.094102,4,0,0,997728,1
43843.835264,4,0,0,997967,1
43846.096067,4,0,0,998120,1
43848.335620,4,0,0,998065,1
43854.717784,4,0,0,998228,1
43856.726429,4,0,0,998162,1
43870.224654,4,0,0,997899,1
43876.020172,4,0,0,997813,1
43877.069772,4,0,0,997771,1
43881.898291,4,0,0,997730,1
43882.763267,4,0,0,997677,1
43885.285921,4,0,0,997612,1
43885.559942,4,0,0,997629,1
43888.058313,4,0,0,997492,1
43888.709854,4,0,0,997537,1
43896.847228,4,0,0,997516,1
43902.207700,4,0,0,997550,1
43903.950190,4,0,0,997635,1
43904.208323,4,0,0,997609,1
43907.719610,4,0,0,997612,1
43914.560105,4,0,0,997743,1
43915.118829,4,0,0,997803,1
43916.757190,4,0,0,997794,1
43922.637310,4,0,0,997765,1
43923.241308,4,0,0,997751,1
43929.852848,4,0,0,997690,1
43933.288558,4,0,0,997564,1
43935.547880,4,0,0,997521,1
43944.062540,4,0,0,997547,1
43945.580387,4,0,0,997581,1
43947.651354,4,0,0,997606,1
43949.119148,4,0,0,997459,1
43954.137040,4,0,0,997395,1
43954.251618,4,0,0,997410,1
43957.335316,4,0,0,997379,1
43962.134115,4,0,0,997548,1
43968.174364,4,0,0,997695,1
43973.218160,4,0,0,997587,1
43975.547618,4,0,0,997501,1
43977.040014,4,0,0,997602,1
43990.731426,4,0,0,997283,1
43996.318857,4,0,0,997184,1
44001.695521,4,0,0,997221,1
44005.001685,4,0,0,997263,1
44008.387366,4,0,0,997357,1
44013.280918,4,0,0,997493,1
44013.730150,4,0,0,997520,1
44018.199473,4,0,0,997594,1
44018.562118,4,0,0,997591,1
44019.704628,4,0,0,997541,1
44021.030685,4,0,0,997624,1
44025.160651,4,0,0,997504,1
44026.335557,4,0,0,997597,1
44040.368828,4,0,0,997609,1
44045.595512,4,0,0,997448,1
44049.749092,4,0,0,997349,1
44050.183672,4,0,0,997367,1
44052.101184,4,0,0,997374,1
44056.398157,4,0,0,997368,1
44063.328471,4,0,0,997419,1
44072.475797,4,0,0,997115,1
44072.925935,4,0,0,997150,1
44073.153114,4,0,0,997171,1
44073.959545,4,0,0,997131,1
44078.176669,4,0,0,997136,1
44081.409170,4,0,0,997218,1
44089.345043,4,0,0,997309,1
44095.063283,4,0,0,997626,1
44096.506637,4,0,0,997673,1
44098.569333,4,0,0,997608,1
44107.473836,4,0,0,997589,1
44120.772294,4,0,0,997264,1
44121.577157,4,0,0,997233,1
44123.110241,4,0,0,997316,1
44124.541326,4,0,0,997247,1
44128.037082,4,0,0,997341,1
44134.773314,4,0,0,997523,1
44142.198640,4,0,0,997311,1
44142.993146,4,0,0,997300,1
44143.660495,4,0,0,997222,1
44144.142468,4,0,0,997194,1
44144.615048,4,0,0,997240,1
44147.953223,4,0,0,997202,1
44152.365536,4,0,0,997240,1
44166.749979,4,0,0,996732,1
44167.616519,4,0,0,996729,1
44167.805824,4,0,0,996723,1
44171.371614,4,0,0,996785,1
44171.809947,4,0,0,996774,1
44172.714242,4,0,0,996786,1
44172.981169,4,0,0,996783,1
44173.082619,4,0,0,996748,1
44173.873263,4,0,0,996752,1
44193.202786,4,0,0,996783,1
44201.667728,4,0,0,996594,1
44203.031436,4,0,0,996671,1
44203.055612,4,0,0,996674,1
44204.068310,4,0,0,996700,1
44204.328846,4,0,0,996748,1
44206.528962,4,0,0,996836,1
44207.499900,4,0,0,996813,1
44210.649267,4,0,0,996805,1
44211.792917,4,0,0,996924,1
44215.563582,4,0,0,996911,1
44216.778530,4,0,0,996853,1
44217.654094,4,0,0,996803,1
44224.596293,4,0,0,996655,1
44227.994998,4,0,0,996620,1
44233.033484,4,0,0,996765,1
44233.197833,4,0,0,996765,1
44234.230714,4,0,0,996738,1
44236.131171,4,0,0,996705,1
44236.859688,4,0,0,996721,1
44248.613260,4,0,0,996550,1
44252.258130,4,0,0,996617,1
44257.054009,4,0,0,996593,1
44261.475934,4,0,0,996516,1
44262.641037,4,0,0,996545,1
44268.392780,4,0,0,996437,1
44274.242914,4,0,0,996426,1
44277.345776,4,0,0,996518,1
44277.426034,4,0,0,996540,1
44278.976799,4,0,0,996526,1
44289.051861,4,0,0,996399,1
44293.521052,4,0,0,996443,1
44294.656067,4,0,0,996441,1
44297.271946,4,0,0,996445,1
44299.264013,4,0,0,996349,1
44303.629570,4,0,0,996290,1
44308.834253,4,0,0,996573,1
44310.725912,4,0,0,996539,1
44316.061707,4,0,0,996463,1
44319.327405,4,0,0,996443,1
44329.213715,4,0,0,996343,1
44329.406779,4,0,0,996366,1
44334.623861,4,0,0,996318,1
44336.038788,4,0,0,996359,1
44336.649819,4,0,0,996347,1
44341.895070,4,0,0,996231,1
44347.051976,4,0,0,996254,1
44350.682730,4,0,0,996217,1
44354.465814,4,0,0,996239,1
44361.556185,4,0,0,996179,1
44362.327420,4,0,0,996168,1
44373.707616,4,0,0,996143,1
44377.109273,4,0,0,996174,1
44377.667588,4,0,0,996232,1
44383.397571,4,0,0,996343,1
44385.616546,4,0,0,996264,1
44387.308298,4,0,0,996139,1
44389.267982,4,0,0,996132,1
44389.701053,4,0,0,996155,1
44393.647227,4,0,0,996020,1
44399.272776,4,0,0,995895,1
44427.052111,4,0,0,996057,1
44431.525304,4,0,0,996118,1
44432.787385,4,0,0,996148,1
44435.451223,4,0,0,996118,1
44435.551128,4,0,0,996117,1
44440.579598,4,0,0,996222,1
44446.796068,4,0,0,996160,1
44447.964798,4,0,0,996180,1
44455.399763,4,0,0,995992,1
44457.505527,4,0,0,995939,1
44464.597573,4,0,0,995800,1
44469.406843,4,0,0,995913,1
44472.438635,4,0,0,996037,1
44481.752912,4,0,0,996086,1
44481.970684,4,0,0,996063,1
44487.932636,4,0,0,995976,1
44492.235717,4,0,0,996008,1
44496.263908,4,0,0,996003,1
44500.091752,4,0,0,996221,1
44506.909665,4,0,0,996253,1
44508.845060,4,0,0,996272,1
44514.908035,4,0,0,996343,1
44536.604300,4,0,0,995919,1
44537.174223,4,0,0,995931,1
44538.665796,4,0,0,995953,1
44541.414251,4,0,0,995998,1
44543.047487,4,0,0,995754,1
44549.071069,4,0,0,995591,1
44550.738274,4,0,0,995618,1
44565.402484,4,0,0,995570,1
44578.439132,4,0,0,995170,1
44581.016645,4,0,0,995115,1
44591.895471,4,0,0,995228,1
44596.291348,4,0,0,995261,1
44611.906133,4,0,0,995195,1
44612.581746,4,0,0,995190,1
44622.831749,4,0,0,994992,1
44623.078738,4,0,0,994958,1
44623.287729,4,0,0,994945,1
44625.321351,4,0,0,994988,1
44648.999545,4,0,0,995011,1
44649.979182,4,0,0,994936,1
44650.455013,4,0,0,994974,1
44650.830367,4,0,0,994955,1
44662.901553,4,0,0,995224,1
44665.231243,4,0,0,995300,1
44670.178098,4,0,0,995309,1
44683.267562,4,0,0,995386,1
44685.307463,4,0,0,995318,1
44685.760860,4,0,0,995328,1
44687.128892,4,0,0,995271,1
44693.883391,4,0,0,995235,1
44699.425186,4,0,0,995267,1
44704.128966,4,0,0,995184,1
44705.290427,4,0,0,995170,1
44730.883946,4,0,0,995214,1
44731.904113,4,0,0,995256,1
44740.833141,4,0,0,995291,1
44742.099382,4,0,0,995314,1
44743.614999,4,0,0,995318,1
44748.486137,4,0,0,995374,1
44753.455390,4,0,0,995529,1
44755.168089,4,0,0,995526,1
44758.322134,4,0,0,995468,1
44759.098964,4,0,0,995484,1
44763.926027,4,0,0,995415,1
44765.420570,4,0,0,995450,1
44769.026241,4,0,0,995515,1
44775.105284,4,0,0,995624,1
44780.196021,4,0,0,995640,1
44782.364755,4,0,0,995588,1
44783.311756,4,0,0,995462,1
44784.585171,4,0,0,995478,1
44791.286473,4,0,0,995462,1
44801.612937,4,0,0,995580,1
44803.014903,4,0,0,995559,1
44803.256287,4,0,0,995514,1
44807.513607,4,0,0,995536,1
44814.933916,4,0,0,995664,1
44815.170488,4,0,0,995706,1
44818.820813,4,0,0,995604,1
44826.938289,4,0,0,995772,1
44827.052301,4,0,0,995795,1
44828.414125,4,0,0,995874,1
44828.654748,4,0,0,995883,1
44831.401673,4,0,0,995802,1
44831.874945,4,0,0,995832,1
44841.976744,4,0,0,995726,1
44842.507611,4,0,0,995683,1
44847.940336,4,0,0,995733,1
44858.744917,4,0,0,995989,1
44860.600590,4,0,0,996005,1
44866.590896,4,0,0,995920,1
44870.388362,4,0,0,995932,1
44877.302284,4,0,0,995910,1
44884.729401,4,0,0,995952,1
44887.312810,4,0,0,995931,1
44895.072443,4,0,0,995770,1
44904.580280,4,0,0,995562,1
44904.607245,4,0,0,995554,1
44907.198122,4,0,0,995551,1
44910.617946,4,0,0,995674,1
44910.796959,4,0,0,995673,1
44913.974911,4,0,0,995749,1
44917.115619,4,0,0,995795,1
44917.603665,4,0,0,995781,1
44920.330197,4,0,0,995841,1
44921.253385,4,0,0,995886,1
44927.828144,4,0,0,996162,1
44931.490171,4,0,0,996097,1
44937.470234,4,0,0,996058,1
44938.532352,4,0,0,996041,1
44939.090981,4,0,0,995967,1
44942.734081,4,0,0,996174,1
44945.466503,4,0,0,996225,1
44949.890144,4,0,0,996432,1
44950.977592,4,0,0,996441,1
44953.851129,4,0,0,996475,1
44956.279255,4,0,0,996579,1
44967.881576,4,0,0,996299,1
44968.507843,4,0,0,996309,1
44970.195026,4,0,0,996181,1
44973.043916,4,0,0,996180,1
44977.853289,4,0,0,996238,1
44980.161441,4,0,0,996169,1
44980.289881,4,0,0,996165,1
44991.710808,4,0,0,996127,1
45009.086206,4,0,0,996390,1
45016.078867,4,0,0,996582,1
45019.315631,4,0,0,996480,1
45022.657731,4,0,0,996522,1
45023.432186,4,0,0,996576,1
45024.558470,4,0,0,996576,1
45025.528643,4,0,0,996607,1
45042.896471,4,0,0,996446,1
45044.138273,4,0,0,996397,1
45049.891670,4,0,0,996200,1
45054.589736,4,0,0,996277,1
45055.998366,4,0,0,996241,1
45065.469097,4,0,0,996461,1
45072.748094,4,0,0,996623,1
45094.678623,4,0,0,996578,1
45097.208868,4,0,0,996708,1
45101.642756,4,0,0,996863,1
45107.493290,4,0,0,996858,1
45108.340524,4,0,0,996870,1
45108.460118,4,0,0,996886,1
45110.410155,4,0,0,996854,1
45113.377819,4,0,0,996832,1
45115.068591,4,0,0,996896,1
45115.802364,4,0,0,996959,1
45121.112072,4,0,0,997047,1
45124.342631,4,0,0,997007,1
45128.125747,4,0,0,997054,1
45129.531539,4,0,0,997008,1
45130.015944,4,0,0,997063,1
45130.593106,4,0,0,997046,1
45131.982870,4,0,0,997130,1
45146.218466,4,0,0,997219,1
45148.027944,4,0,0,997190,1
45151.856923,4,0,0,997088,1
45153.379810,4,0,0,997097,1
45162.321183,4,0,0,997286,1
45168.871279,4,0,0,997380,1
45178.851828,4,0,0,997385,1
45179.908228,4,0,0,997420,1
45184.497219,4,0,0,997440,1
45186.803632,4,0,0,997560,1
45195.426279,4,0,0,997619,1
45201.433364,4,0,0,997639,1
45207.729732,4,0,0,997623,1
45213.432291,4,0,0,997809,1
45220.959216,4,0,0,997709,1
45222.185087,4,0,0,997692,1
45229.317682,4,0,0,997466,1
45229.721463,4,0,0,997415,1
45230.636633,4,0,0,997340,1
45234.553737,4,0,0,997303,1
45234.789437,4,0,0,997284,1
45235.625178,4,0,0,997310,1
45236.317516,4,0,0,997323,1
45239.090693,4,0,0,997216,1
45240.556434,4,0,0,997263,1
45242.111491,4,0,0,997278,1
45262.649109,4,0,0,997417,1
45269.610840,4,0,0,997358,1
45273.509661,4,0,0,997543,1
45274.136977,4,0,0,997672,1
45276.434076,4,0,0,997700,1
45276.989940,4,0,0,997699,1
45280.654719,4,0,0,997626,1
45289.434669,4,0,0,997536,1
45294.741319,4,0,0,997655,1
45299.627411,4,0,0,997587,1
45305.820044,4,0,0,997558,1
45321.510641,4,0,0,997804,1
45325.663792,4,0,0,997832,1
45326.840312,4,0,0,997847,1
45327.530485,4,0,0,997833,1
45332.061597,4,0,0,997953,1
45333.927109,4,0,0,997995,1
45336.318344,4,0,0,997814,1
45342.371015,4,0,0,997935,1
45344.498596,4,0,0,997852,1
45346.244962,4,0,0,997920,1
45347.398850,4,0,0,998006,1
45358.614183,4,0,0,997967,1
45360.255040,4,0,0,997970,1
45362.506438,4,0,0,997826,1
45363.922111,4,0,0,997772,1
45366.183608,4,0,0,997865,1
45367.721351,4,0,0,997942,1
45375.331857,4,0,0,997931,1
45377.718468,4,0,0,997885,1
45389.470365,4,0,0,997746,1
45393.589121,4,0,0,997805,1
45394.373538,4,0,0,997819,1
45407.362301,4,0,0,998039,1
45413.475398,4,0,0,997842,1
45419.059365,4,0,0,997580,1
45420.059670,4,0,0,997570,1
45427.375606,4,0,0,997410,1
45429.000576,4,0,0,997359,1
45429.079860,4,0,0,997371,1
45429.285862,4,0,0,997329,1
45438.050854,4,0,0,997366,1
45444.297737,4,0,0,997246,1
45445.000617,4,0,0,997339,1
45457.000110,4,0,0,997258,1
45458.246759,4,0,0,997273,1
45463.554496,4,0,0,997195,1
45470.875579,4,0,0,997164,1
45471.215509,4,0,0,997176,1
45471.735204,4,0,0,997188,1
45476.235890,4,0,0,997321,1
45477.087757,4,0,0,997301,1
45478.170081,4,0,0,997297,1
45480.002427,4,0,0,997324,1
45480.640039,4,0,0,997308,1
45488.745758,4,0,0,997105,1
45492.575120,4,0,0,997207,1
45493.181150,4,0,0,997151,1
45502.513474,4,0,0,996952,1
45507.801908,4,0,0,996928,1
45508.630103,4,0,0,996898,1
45511.722453,4,0,0,996789,1
45527.786142,4,0,0,996594,1
45537.222715,4,0,0,996629,1
45549.737395,4,0,0,996694,1
45561.481489,4,0,0,996932,1
45561.559215,4,0,0,996911,1
45564.647934,4,0,0,997098,1
45566.608086,4,0,0,997082,1
45577.888916,4,0,0,996845,1
45579.682223,4,0,0,996822,1
45583.354960,4,0,0,996815,1
45597.447591,4,0,0,996716,1
45605.076851,4,0,0,996662,1
45606.928335,4,0,0,996591,1
45609.656239,4,0,0,996566,1
45612.808025,4,0,0,996719,1
45617.693710,4,0,0,996846,1
45623.269970,4,0,0,996856,1
45624.154750,4,0,0,996893,1
45628.518993,4,0,0,996754,1
45638.701019,4,0,0,996496,1
45642.427160,4,0,0,996511,1
45649.443525,4,0,0,996641,1
45649.849177,4,0,0,996664,1
45652.303280,4,0,0,996648,1
45655.845128,4,0,0,996540,1
45656.293261,4,0,0,996479,1
45656.298917,4,0,0,996475,1
45667.045463,4,0,0,996531,1
45684.676408,4,0,0,996470,1
45687.474863,4,0,0,996334,1
45693.773809,4,0,0,996607,1
45694.157687,4,0,0,996582,1
45697.120735,4,0,0,996474,1
45698.963068,4,0,0,996499,1
45702.800039,4,0,0,996523,1
45709.223056,4,0,0,996516,1
45711.744523,4,0,0,996517,1
45713.193152,4,0,0,996550,1
45734.980225,4,0,0,995866,1
45738.393867,4,0,0,995795,1
45744.372559,4,0,0,995749,1
45757.847293,4,0,0,995647,1
45757.943297,4,0,0,995660,1
45764.735183,4,0,0,995756,1
45772.244206,4,0,0,995721,1
45776.537287,4,0,0,995639,1
45777.335574,4,0,0,995728,1
45788.972722,4,0,0,995621,1
45791.073397,4,0,0,995528,1
45798.427394,4,0,0,995722,1
45798.791247,4,0,0,995709,1
45800.088936,4,0,0,995663,1
45801.519238,4,0,0,995619,1
45807.615492,4,0,0,995655,1
45809.101862,4,0,0,995653,1
45809.691296,4,0,0,995667,1
45822.158196,4,0,0,995772,1
45825.538174,4,0,0,995648,1
45827.201200,4,0,0,995617,1
45829.996861,4,0,0,995569,1
45848.096536,4,0,0,995998,1
45851.638420,4,0,0,995998,1
45853.519407,4,0,0,996068,1
45856.544976,4,0,0,995942,1
45862.329443,4,0,0,996093,1
45876.320419,4,0,0,996378,1
45880.691836,4,0,0,996393,1
45882.480465,4,0,0,996509,1
45888.914644,4,0,0,996538,1
45890.362520,4,0,0,996557,1
45895.637264,4,0,0,996594,1
45895.821817,4,0,0,996572,1
45896.826877,4,0,0,996524,1
45899.772844,4,0,0,996649,1
45902.125781,4,0,0,996551,1
45918.862697,4,0,0,996767,1
45920.025773,4,0,0,996845,1
45922.328538,4,0,0,996748,1
45923.016520,4,0,0,996819,1
45942.949168,4,0,0,996799,1
45951.273009,4,0,0,996788,1
45957.803512,4,0,0,996664,1
45961.986672,4,0,0,996517,1
45965.896944,4,0,0,996588,1
45970.435506,4,0,0,996475,1
45970.437457,4,0,0,996473,1
45977.049918,4,0,0,996553,1
45979.255932,4,0,0,996580,1
45980.856988,4,0,0,996680,1
45982.980365,4,0,0,996555,1
45984.099586,4,0,0,996488,1
45985.490813,4,0,0,996474,1
45986.328853,4,0,0,996483,1
45988.743605,4,0,0,996421,1
45995.225067,4,0,0,996465,1
45996.280287,4,0,0,996472,1
46000.628000,4,0,0,996551,1
46002.715698,4,0,0,996551,1
46018.338195,4,0,0,996423,1
46020.393719,4,0,0,996424,1
46022.430443,4,0,0,996429,1
46028.109197,4,0,0,996406,1
46038.219456,4,0,0,996261,1
46041.773641,4,0,0,996254,1
46043.614364,4,0,0,996269,1
46043.690820,4,0,0,996274,1
46046.821651,4,0,0,996080,1
46053.586486,4,0,0,996166,1
46053.982107,4,0,0,996179,1
46055.480730,4,0,0,996118,1
46056.595340,4,0,0,996155,1
46059.076752,4,0,0,996212,1
46064.417911,4,0,0,996239,1
46064.788540,4,0,0,996236,1
46071.393072,4,0,0,996355,1
46081.109382,4,0,0,996390,1
46081.808536,4,0,0,996364,1
46092.642934,4,0,0,996312,1
46095.733666,4,0,0,996390,1
46098.125643,4,0,0,996462,1
46100.228772,4,0,0,996463,1
46110.342180,4,0,0,996393,1
46114.883983,4,0,0,996458,1
46119.819978,4,0,0,996386,1
46121.340979,4,0,0,996294,1
46123.112593,4,0,0,996317,1
46125.662238,4,0,0,996184,1
46129.889882,4,0,0,996117,1
46145.219163,4,0,0,996199,1
46146.162177,4,0,0,996176,1
46151.381083,4,0,0,995988,1
46152.002339,4,0,0,995957,1
46160.379832,4,0,0,995729,1
46165.424010,4,0,0,995637,1
46170.501193,4,0,0,995613,1
46176.901789,4,0,0,995414,1
46184.466009,4,0,0,995292,1
46184.499046,4,0,0,995291,1
46187.403722,4,0,0,995471,1
46200.405795,4,0,0,995536,1
46206.207150,4,0,0,995377,1
46208.428588,4,0,0,995477,1
46213.339373,4,0,0,995624,1
46215.830987,4,0,0,995729,1
46231.157388,4,0,0,996090,1
46241.187961,4,0,0,995921,1
46242.195992,4,0,0,996014,1
46245.789945,4,0,0,996074,1
46251.329965,4,0,0,996204,1
46252.269029,4,0,0,996207,1
46254.619448,4,0,0,996214,1
46274.768427,4,0,0,996203,1
46276.628541,4,0,0,996219,1
46280.318534,4,0,0,996279,1
46282.195721,4,0,0,996281,1
46301.301945,4,0,0,996396,1
46301.609953,4,0,0,996392,1
46311.617075,4,0,0,996635,1
46317.443165,4,0,0,996695,1
46323.774919,4,0,0,996749,1
46327.423145,4,0,0,996763,1
46327.870036,4,0,0,996730,1
46333.772512,4,0,0,996831,1
46341.235125,4,0,0,996799,1
46344.740556,4,0,0,996822,1
46348.739125,4,0,0,996903,1
46351.707200,4,0,0,996969,1
46352.150905,4,0,0,997000,1
46357.131662,4,0,0,996911,1
46357.175285,4,0,0,996921,1
46359.799459,4,0,0,996976,1
46361.530744,4,0,0,996983,1
46363.611025,4,0,0,997008,1
46368.990811,4,0,0,996771,1
46370.193356,4,0,0,996847,1
46370.531974,4,0,0,996850,1
46376.058553,4,0,0,996889,1
46380.842162,4,0,0,996740,1
46383.790562,4,0,0,996751,1
46385.007952,4,0,0,996791,1
46387.725374,4,0,0,996730,1
46389.728648,4,0,0,996691,1
46392.292482,4,0,0,996751,1
46399.875651,4,0,0,996751,1
46402.449741,4,0,0,996805,1
46405.883372,4,0,0,996683,1
46406.361432,4,0,0,996684,1
46406.747421,4,0,0,996696,1
46406.879114,4,0,0,996712,1
46409.066621,4,0,0,996816,1
46410.820175,4,0,0,996722,1
46421.335503,4,0,0,996532,1
46423.100061,4,0,0,996497,1
46437.533519,4,0,0,996750,1
46440.905121,4,0,0,996758,1
46442.921156,4,0,0,996662,1
46443.833268,4,0,0,996683,1
46447.613202,4,0,0,996591,1
46452.054598,4,0,0,996605,1
46459.402602,4,0,0,996600,1
46460.153745,4,0,0,996608,1
46470.678474,4,0,0,996302,1
46476.237087,4,0,0,996403,1
46480.070684,4,0,0,996432,1
46480.205597,4,0,0,996460,1
46490.796261,4,0,0,996445,1
46497.469787,4,0,0,996507,1
46497.584066,4,0,0,996475,1
46499.886186,4,0,0,996468,1
46507.794243,4,0,0,996312,1
46508.511023,4,0,0,996356,1
46508.947616,4,0,0,996340,1
46513.869776,4,0,0,996450,1
46517.142253,4,0,0,996410,1
46517.766179,4,0,0,996392,1
46520.703030,4,0,0,996424,1
46522.424668,4,0,0,996470,1
46524.176205,4,0,0,996464,1
46531.982120,4,0,0,996553,1
46534.564022,4,0,0,996527,1
46534.735336,4,0,0,996527,1
46538.169859,4,0,0,996577,1
46545.751512,4,0,0,996695,1
46546.539237,4,0,0,996722,1
46552.383487,4,0,0,996583,1
46553.567628,4,0,0,996588,1
46553.969530,4,0,0,996618,1
46556.270417,4,0,0,996547,1
46557.180331,4,0,0,996467,1
46562.920709,4,0,0,996348,1
46572.882175,4,0,0,996380,1
46575.936903,4,0,0,996297,1
46578.915682,4,0,0,996252,1
46585.832105,4,0,0,996167,1
46591.529557,4,0,0,996073,1
46592.250138,4,0,0,996094,1
46604.837264,4,0,0,996006,1
46606.168177,4,0,0,995980,1
46608.525074,4,0,0,996036,1
46609.764110,4,0,0,995994,1
46612.901431,4,0,0,996009,1
46617.258859,4,0,0,996149,1
46619.419040,4,0,0,996153,1
46619.798258,4,0,0,996140,1
46627.406229,4,0,0,996182,1
46629.314059,4,0,0,996268,1
46636.585232,4,0,0,996207,1
46671.585412,4,0,0,996083,1
46671.626993,4,0,0,996077,1
46672.883424,4,0,0,996031,1
46682.484678,4,0,0,995844,1
46684.087558,4,0,0,995967,1
46684.793655,4,0,0,996021,1
46687.108333,4,0,0,996041,1
46687.513870,4,0,0,996054,1
46693.765920,4,0,0,996127,1
46694.187677,4,0,0,996149,1
46700.280268,4,0,0,996436,1
46701.784497,4,0,0,996434,1
46702.119311,4,0,0,996406,1
46708.960613,4,0,0,996374,1
46712.867772,4,0,0,996362,1
46714.392365,4,0,0,996406,1
46720.219575,4,0,0,996419,1
46723.446652,4,0,0,996494,1
46725.175096,4,0,0,996451,1
46726.577806,4,0,0,996377,1
46731.314635,4,0,0,996368,1
46736.709754,4,0,0,996326,1
46737.803335,4,0,0,996366,1
46745.269701,4,0,0,996224,1
46753.263426,4,0,0,996193,1
46755.978629,4,0,0,996276,1
46756.080875,4,0,0,996258,1
46757.968749,4,0,0,996251,1
46766.556557,4,0,0,996362,1
46775.392402,4,0,0,996386,1
46795.917730,4,0,0,996444,1
46797.042670,4,0,0,996439,1
46801.193875,4,0,0,996368,1
46802.415654,4,0,0,996248,1
46804.171950,4,0,0,996310,1
46809.723268,4,0,0,996128,1
46814.534954,4,0,0,996147,1
46815.219600,4,0,0,996104,1
46819.933083,4,0,0,995988,1
46825.287107,4,0,0,996010,1
46825.821990,4,0,0,996040,1
46827.156747,4,0,0,995980,1
46827.329053,4,0,0,995969,1
46846.458151,4,0,0,995945,1
46851.671155,4,0,0,996038,1
46856.584862,4,0,0,995903,1
46859.870231,4,0,0,995848,1
46869.313553,4,0,0,995793,1
46877.490022,4,0,0,995998,1
46877.778373,4,0,0,995980,1
46879.090384,4,0,0,995990,1
46880.840579,4,0,0,996025,1
46884.804164,4,0,0,996038,1
46894.363874,4,0,0,996123,1
46902.069579,4,0,0,995946,1
46919.165909,4,0,0,996107,1
46926.872683,4,0,0,996252,1
46930.072533,4,0,0,996239,1
46933.402216,4,0,0,996212,1
46937.693679,4,0,0,996109,1
46938.790119,4,0,0,996173,1
46940.915993,4,0,0,996221,1
46944.076783,4,0,0,996340,1
46960.403261,4,0,0,996605,1
46962.086707,4,0,0,996697,1
46969.239292,4,0,0,996547,1
46970.391608,4,0,0,996496,1
46971.139293,4,0,0,996487,1
46979.133942,4,0,0,996269,1
46980.001769,4,0,0,996173,1
46982.989178,4,0,0,996101,1
46985.383425,4,0,0,996134,1
46986.657674,4,0,0,996215,1
46990.416547,4,0,0,996213,1
47005.232799,4,0,0,996335,1
47006.446169,4,0,0,996321,1
47023.533982,4,0,0,996380,1
47028.174627,4,0,0,996482,1
47030.108889,4,0,0,996458,1
47043.239043,4,0,0,996582,1
47050.132638,4,0,0,996748,1
47056.485226,4,0,0,996674,1
47058.971745,4,0,0,996585,1
47062.598144,4,0,0,996558,1
47073.224332,4,0,0,996509,1
47074.006777,4,0,0,996484,1
47079.030689,4,0,0,996569,1
47079.722595,4,0,0,996627,1
47084.250983,4,0,0,996564,1
47085.193184,4,0,0,996535,1
47097.538675,4,0,0,996693,1
47105.229425,4,0,0,996898,1
47105.264215,4,0,0,996915,1
47113.604747,4,0,0,996572,1
47114.349855,4,0,0,996562,1
47116.537444,4,0,0,996493,1
47117.033780,4,0,0,996448,1
47125.435431,4,0,0,996531,1
47125.874856,4,0,0,996547,1
47137.505739,4,0,0,996674,1
47141.600397,4,0,0,996677,1
47153.359416,4,0,0,996420,1
47159.640257,4,0,0,996383,1
47173.390196,4,0,0,996593,1
47174.265559,4,0,0,996519,1
47190.205181,4,0,0,996605,1
47194.179271,4,0,0,996442,1
47197.400621,4,0,0,996498,1
47205.317786,4,0,0,996202,1
47211.245187,4,0,0,996126,1
47211.858994,4,0,0,996147,1
47219.070406,4,0,0,996234,1
47220.086578,4,0,0,996194,1
47227.566733,4,0,0,996263,1
47233.702884,4,0,0,996217,1
47234.052252,4,0,0,996200,1
47238.266872,4,0,0,996076,1
47241.675391,4,0,0,996167,1
47244.176256,4,0,0,996245,1
47256.896680,4,0,0,996188,1
47259.562997,4,0,0,996172,1
47261.267962,4,0,0,996130,1
47264.236897,4,0,0,996101,1
47299.748446,4,0,0,995959,1
47304.533180,4,0,0,995875,1
47314.934391,4,0,0,995856,1
47319.188904,4,0,0,995783,1
47321.684592,4,0,0,995856,1
47326.726680,4,0,0,995890,1
47332.007914,4,0,0,995836,1
47336.989701,4,0,0,995705,1
47341.155022,4,0,0,995808,1
47348.641650,4,0,0,995693,1
47361.400821,4,0,0,995624,1
47379.723411,4,0,0,995443,1
47385.754092,4,0,0,995393,1
47387.150144,4,0,0,995404,1
47388.364835,4,0,0,995378,1
47390.411138,4,0,0,995373,1
47397.011149,4,0,0,995439,1
47401.030146,4,0,0,995478,1
47425.517649,4,0,0,995583,1
47425.920966,4,0,0,995569,1
47426.994056,4,0,0,995599,1
47427.022155,4,0,0,995619,1
47427.449434,4,0,0,995657,1
47432.381358,4,0,0,995586,1
47432.956582,4,0,0,995574,1
47440.877574,4,0,0,995493,1
47441.037457,4,0,0,995490,1
47448.120394,4,0,0,995679,1
47449.174626,4,0,0,995651,1
47459.023907,4,0,0,995636,1
47460.913881,4,0,0,995647,1
47462.983593,4,0,0,995624,1
47466.151366,4,0,0,995576,1
47466.678537,4,0,0,995629,1
47469.873122,4,0,0,995517,1
47478.061502,4,0,0,995498,1
47478.625616,4,0,0,995410,1
47479.506985,4,0,0,995414,1
47480.513478,4,0,0,995450,1
47492.371253,4,0,0,995205,1
47498.172019,4,0,0,995038,1
47506.709178,4,0,0,995223,1
47516.436584,4,0,0,994971,1
47518.134524,4,0,0,994907,1
47522.683847,4,0,0,994889,1
47526.495389,4,0,0,994783,1
47528.344077,4,0,0,994726,1
47528.854654,4,0,0,994741,1
47530.713214,4,0,0,994780,1
47533.751846,4,0,0,994751,1
47537.436322,4,0,0,994741,1
47542.216864,4,0,0,994658,1
47545.699284,4,0,0,994609,1
47551.208118,4,0,0,994669,1
47558.675799,4,0,0,994956,1
47562.929624,4,0,0,995051,1
47563.635899,4,0,0,995056,1
47563.743054,4,0,0,995052,1
47567.454119,4,0,0,994908,1
47568.804974,4,0,0,994947,1
47576.379760,4,0,0,994955,1
47576.564938,4,0,0,994981,1
47579.872651,4,0,0,994971,1
47581.623945,4,0,0,994980,1
47582.541992,4,0,0,995045,1
47588.255629,4,0,0,994992,1
47589.222760,4,0,0,994995,1
47589.881693,4,0,0,994973,1
47594.814539,4,0,0,994941,1
47599.514191,4,0,0,994935,1
47604.367217,4,0,0,994858,1
47605.334917,4,0,0,994853,1
47608.660778,4,0,0,994783,1
47617.527384,4,0,0,994677,1
47617.550550,4,0,0,994671,1
47619.378050,4,0,0,994732,1
47620.483833,4,0,0,994740,1
47627.348389,4,0,0,994646,1
47629.127602,4,0,0,994725,1
47631.559843,4,0,0,994774,1
47632.905548,4,0,0,994831,1
47640.888543,4,0,0,994924,1
47645.643215,4,0,0,994879,1
47650.722592,4,0,0,994879,1
47657.347759,4,0,0,994835,1
47660.462373,4,0,0,994916,1
47663.772268,4,0,0,995024,1
47671.142629,4,0,0,995016,1
47681.070353,4,0,0,994967,1
47685.435199,4,0,0,995042,1
47687.021111,4,0,0,995049,1
47687.436263,4,0,0,995037,1
47692.977973,4,0,0,995001,1
47697.639211,4,0,0,995062,1
47699.427364,4,0,0,994932,1
47708.952337,4,0,0,994943,1
47709.798848,4,0,0,994870,1
47716.017974,4,0,0,994932,1
47718.724851,4,0,0,994871,1
47725.216742,4,0,0,994963,1
47729.543560,4,0,0,994890,1
47736.327747,4,0,0,995017,1
47737.133535,4,0,0,995048,1
47739.255169,4,0,0,994944,1
47747.452217,4,0,0,995040,1
47751.161363,4,0,0,995107,1
47754.977146,4,0,0,995118,1
47767.342695,4,0,0,995426,1
47772.231465,4,0,0,995449,1
47783.954184,4,0,0,995421,1
47787.967741,4,0,0,995382,1
47794.371223,4,0,0,995582,1
47796.410928,4,0,0,995479,1
47813.027988,4,0,0,995436,1
47815.553947,4,0,0,995416,1
47821.568883,4,0,0,995395,1
47822.961787,4,0,0,995339,1
47825.899067,4,0,0,995286,1
47828.312283,4,0,0,995381,1
47830.718552,4,0,0,995404,1
47831.309290,4,0,0,995395,1
47833.259858,4,0,0,995338,1
47839.325908,4,0,0,995208,1
47849.802345,4,0,0,995360,1
47854.869180,4,0,0,995130,1
47856.297048,4,0,0,995102,1
47867.681685,4,0,0,995445,1
47872.713928,4,0,0,995466,1
47878.267530,4,0,0,995628,1
47881.224964,4,0,0,995592,1
47890.478213,4,0,0,995685,1
47900.862836,4,0,0,995977,1
47904.213878,4,0,0,996021,1
47907.847019,4,0,0,996056,1
47908.142980,4,0,0,996089,1
47911.326273,4,0,0,996136,1
47919.239816,4,0,0,996098,1
47921.266838,4,0,0,996103,1
47923.400630,4,0,0,996038,1
47923.718759,4,0,0,996068,1
47927.801486,4,0,0,996030,1
47935.564465,4,0,0,995991,1
47936.325894,4,0,0,995974,1
47944.580566,4,0,0,995949,1
47949.617177,4,0,0,995953,1
47956.831304,4,0,0,996132,1
47960.567748,4,0,0,995919,1
47963.065971,4,0,0,995892,1
47968.692924,4,0,0,995953,1
47970.394100,4,0,0,996127,1
47973.498813,4,0,0,995924,1
47980.169505,4,0,0,995784,1
47981.829680,4,0,0,995760,1
47985.219637,4,0,0,995660,1
47991.432795,4,0,0,995695,1
47993.444884,4,0,0,995662,1
47993.501510,4,0,0,995664,1
48002.039761,4,0,0,995647,1
48005.338228,4,0,0,995569,1
48013.932303,4,0,0,995565,1
48014.858332,4,0,0,995585,1
48016.264528,4,0,0,995624,1
48032.240811,4,0,0,995632,1
48049.224241,4,0,0,995635,1
48055.154385,4,0,0,995854,1
48065.532263,4,0,0,995855,1
48067.689362,4,0,0,995781,1
48072.280160,4,0,0,995652,1
48075.473003,4,0,0,995715,1
48077.506801,4,0,0,995700,1
48079.363530,4,0,0,995617,1
48080.678416,4,0,0,995662,1
48082.632343,4,0,0,995614,1
48086.716802,4,0,0,995513,1
48087.348662,4,0,0,995405,1
48092.078004,4,0,0,995343,1
48095.163019,4,0,0,995526,1
48099.993420,4,0,0,995505,1
48100.501810,4,0,0,995460,1
48106.097275,4,0,0,995505,1
48107.064755,4,0,0,995518,1
48117.529908,4,0,0,995414,1
48130.681291,4,0,0,995151,1
48132.488783,4,0,0,995077,1
48140.345317,4,0,0,995066,1
48144.549692,4,0,0,995151,1
48147.431425,4,0,0,994938,1
48147.554185,4,0,0,994937,1
48148.557698,4,0,0,994907,1
48157.333546,4,0,0,995052,1
48162.271684,4,0,0,994920,1
48164.100693,4,0,0,994950,1
48166.298229,4,0,0,994915,1
48168.341037,4,0,0,994999,1
48168.674188,4,0,0,995021,1
48170.977349,4,0,0,995001,1
48172.901042,4,0,0,994982,1
48174.447504,4,0,0,994960,1
48185.243587,4,0,0,994923,1
48191.938862,4,0,0,994835,1
48194.199843,4,0,0,994921,1
48198.817798,4,0,0,995046,1
48207.309920,4,0,0,994914,1
48218.061643,4,0,0,994935,1
48224.400735,4,0,0,994887,1
48249.802695,4,0,0,994629,1
48252.977082,4,0,0,994584,1
48258.046817,4,0,0,994582,1
48265.286681,4,0,0,994870,1
48265.543782,4,0,0,994848,1
48268.210375,4,0,0,994755,1
48269.283350,4,0,0,994731,1
48269.421819,4,0,0,994736,1
48272.375482,4,0,0,994625,1
48273.136358,4,0,0,994592,1
48275.391916,4,0,0,994557,1
48281.535125,4,0,0,994428,1
48284.510475,4,0,0,994289,1
48292.288776,4,0,0,994275,1
48292.410413,4,0,0,994279,1
48296.084861,4,0,0,994302,1
48305.156835,4,0,0,994562,1
48306.625801,4,0,0,994508,1
48311.613731,4,0,0,994460,1
48315.210540,4,0,0,994450,1
48316.486321,4,0,0,994436,1
48322.154573,4,0,0,994499,1
48329.320255,4,0,0,994537,1
48330.056080,4,0,0,994496,1
48332.834543,4,0,0,994416,1
48335.417114,4,0,0,994409,1
48337.487395,4,0,0,994292,1
48338.853815,4,0,0,994237,1
48350.014484,4,0,0,994471,1
48353.968134,4,0,0,994485,1
48356.865002,4,0,0,994397,1
48358.271421,4,0,0,994451,1
48360.279171,4,0,0,994438,1
48367.225205,4,0,0,994595,1
48377.804496,4,0,0,994546,1
48391.567209,4,0,0,994526,1
48393.072371,4,0,0,994476,1
48395.872951,4,0,0,994514,1
48399.291818,4,0,0,994397,1
48401.115692,4,0,0,994407,1
48401.739397,4,0,0,994407,1
48410.115317,4,0,0,994440,1
48411.845856,4,0,0,994398,1
48432.329433,4,0,0,994095,1
48433.062893,4,0,0,994061,1
48435.258958,4,0,0,994172,1
48446.669930,4,0,0,994421,1
48451.673545,4,0,0,994466,1
48454.458425,4,0,0,994478,1
48454.472278,4,0,0,994471,1
48455.411428,4,0,0,994457,1
48463.856893,4,0,0,994228,1
48474.199510,4,0,0,994446,1
48475.430572,4,0,0,994441,1
48477.637728,4,0,0,994475,1
48480.234434,4,0,0,994362,1
48487.277531,4,0,0,994134,1
48488.660521,4,0,0,994083,1
48489.865638,4,0,0,994035,1
48489.953298,4,0,0,994012,1
48491.181369,4,0,0,994099,1
48494.138869,4,0,0,994195,1
48515.037473,4,0,0,994432,1
48524.937849,4,0,0,994430,1
48531.202920,4,0,0,994455,1
48533.636781,4,0,0,994225,1
48534.801197,4,0,0,994276,1
48539.918409,4,0,0,994172,1
48542.837179,4,0,0,994049,1
48553.018948,4,0,0,994039,1
48556.373761,4,0,0,994031,1
48561.151311,4,0,0,994160,1
48563.221107,4,0,0,994106,1
48563.569321,4,0,0,994094,1
48564.126893,4,0,0,994034,1
48567.721233,4,0,0,993994,1
48574.706083,4,0,0,994223,1
48574.781451,4,0,0,994219,1
48575.026503,4,0,0,994204,1
48578.662223,4,0,0,994119,1
48584.802385,4,0,0,994253,1
48593.525712,4,0,0,994163,1
48601.898535,4,0,0,994145,1
48603.543766,4,0,0,994110,1
48605.070409,4,0,0,994101,1
48607.307323,4,0,0,994091,1
48612.316165,4,0,0,993981,1
48617.613239,4,0,0,994015,1
48622.353182,4,0,0,994113,1
48632.723167,4,0,0,993831,1
48632.761768,4,0,0,993834,1
48637.510164,4,0,0,993836,1
48639.994819,4,0,0,993928,1
48640.310718,4,0,0,993957,1
48641.721513,4,0,0,993931,1
48643.393975,4,0,0,993938,1
48645.556009,4,0,0,993842,1
48646.805962,4,0,0,993787,1
48652.501916,4,0,0,993786,1
48657.413851,4,0,0,993751,1
48658.677203,4,0,0,993750,1
48665.282833,4,0,0,993650,1
48669.207690,4,0,0,993280,1
48671.660431,4,0,0,993274,1
48673.845998,4,0,0,993193,1
48682.462282,4,0,0,993381,1
48683.212095,4,0,0,993260,1
48683.363854,4,0,0,993277,1
48683.827222,4,0,0,993199,1
48689.297020,4,0,0,993257,1
48689.940193,4,0,0,993327,1
48701.887201,4,0,0,993255,1
48706.020008,4,0,0,993163,1
48706.227761,4,0,0,993143,1
48709.737203,4,0,0,993209,1
48724.537467,4,0,0,993343,1
48730.382092,4,0,0,993254,1
48731.596804,4,0,0,993319,1
48731.970919,4,0,0,993282,1
48732.452512,4,0,0,993275,1
48735.096384,4,0,0,993150,1
48753.748268,4,0,0,992978,1
48756.115115,4,0,0,992868,1
48758.206870,4,0,0,992871,1
48761.765357,4,0,0,992995,1
48761.933285,4,0,0,992965,1
48762.653719,4,0,0,992954,1
48768.645364,4,0,0,992953,1
48778.330771,4,0,0,993100,1
48784.126823,4,0,0,993115,1
48785.320055,4,0,0,993154,1
48790.199493,4,0,0,993264,1
48801.387138,4,0,0,993119,1
48817.913606,4,0,0,993003,1
48824.694599,4,0,0,993104,1
48835.385468,4,0,0,993074,1
48838.275217,4,0,0,992967,1
48838.472684,4,0,0,993004,1
48847.583156,4,0,0,993234,1
48848.038341,4,0,0,993207,1
48853.478491,4,0,0,993229,1
48863.681152,4,0,0,993333,1
48865.996861,4,0,0,993266,1
48869.455541,4,0,0,993283,1
48880.363873,4,0,0,993124,1
48890.075884,4,0,0,992810,1
48891.599383,4,0,0,992864,1
48893.016718,4,0,0,992825,1
48895.440125,4,0,0,992798,1
48895.848345,4,0,0,992753,1
48904.605100,4,0,0,992730,1
48906.048776,4,0,0,992673,1
48909.890804,4,0,0,992625,1
48916.600930,4,0,0,992698,1
48917.400980,4,0,0,992781,1
48918.860162,4,0,0,992769,1
48921.580226,4,0,0,992814,1
48922.048539,4,0,0,992779,1
48922.177863,4,0,0,992773,1
48923.822733,4,0,0,992704,1
48926.209733,4,0,0,992747,1
48926.542054,4,0,0,992740,1
48926.801172,4,0,0,992721,1
48945.877701,4,0,0,992991,1
48959.017380,4,0,0,992951,1
48966.944280,4,0,0,992827,1
48991.009340,4,0,0,993393,1
48993.422528,4,0,0,993269,1
48993.883521,4,0,0,993277,1
48996.239225,4,0,0,993369,1
48997.974533,4,0,0,993412,1
49003.186895,4,0,0,993392,1
49006.450590,4,0,0,993433,1
49007.505911,4,0,0,993489,1
49011.740756,4,0,0,993395,1
49017.722256,4,0,0,993464,1
49017.945204,4,0,0,993498,1
49034.973558,4,0,0,993171,1
49042.416161,4,0,0,993439,1
49042.791646,4,0,0,993413,1
49043.350451,4,0,0,993441,1
49043.526302,4,0,0,993446,1
49059.076500,4,0,0,993122,1
49064.009412,4,0,0,992996,1
49068.938619,4,0,0,993123,1
49073.404481,4,0,0,993176,1
49077.515081,4,0,0,993160,1
49082.430500,4,0,0,993073,1
49085.037781,4,0,0,993177,1
49085.241252,4,0,0,993202,1
49091.116279,4,0,0,993147,1
49098.385061,4,0,0,993170,1
49103.614988,4,0,0,993111,1
49114.898242,4,0,0,993232,1
49122.328746,4,0,0,992680,1
49128.177255,4,0,0,992737,1
49128.202965,4,0,0,992730,1
49151.009000,4,0,0,992618,1
49154.466916,4,0,0,992659,1
49158.114361,4,0,0,992518,1
49172.422091,4,0,0,992545,1
49174.785474,4,0,0,992457,1
49188.457851,4,0,0,992298,1
49211.891910,4,0,0,992544,1
49213.928099,4,0,0,992614,1
49218.076730,4,0,0,992705,1
49224.429114,4,0,0,992720,1
49229.729407,4,0,0,992590,1
49242.936903,4,0,0,992554,1
49248.931660,4,0,0,992411,1
49250.366784,4,0,0,992459,1
49261.189204,4,0,0,992424,1
49271.794749,4,0,0,992426,1
49282.997596,4,0,0,992511,1
49284.241171,4,0,0,992542,1
49290.751308,4,0,0,992481,1
49297.561334,4,0,0,992554,1
49305.794283,4,0,0,992597,1
49323.794014,4,0,0,992683,1
49325.394790,4,0,0,992741,1
49332.448032,4,0,0,992531,1
49333.245827,4,0,0,992591,1
49344.919535,4,0,0,992238,1
49350.641526,4,0,0,992182,1
49357.904153,4,0,0,992158,1
49358.627101,4,0,0,992174,1
49375.813087,4,0,0,992339,1
49389.859766,4,0,0,992278,1
49395.244332,4,0,0,992447,1
49399.221633,4,0,0,992460,1
49401.724740,4,0,0,992545,1
49416.869299,4,0,0,992553,1
49421.865145,4,0,0,992318,1
49425.573208,4,0,0,992388,1
49426.524486,4,0,0,992530,1
49427.802326,4,0,0,992586,1
49434.943757,4,0,0,992197,1
49443.558139,4,0,0,992331,1
49445.101244,4,0,0,992341,1
49458.546740,4,0,0,992347,1
49462.164930,4,0,0,992363,1
49465.608305,4,0,0,992437,1
49466.500983,4,0,0,992378,1
49475.832781,4,0,0,992256,1
49481.088787,4,0,0,992288,1
49483.310216,4,0,0,992463,1
49488.079108,4,0,0,992458,1
49490.185670,4,0,0,992458,1
49491.180567,4,0,0,992483,1
49501.716289,4,0,0,993027,1
49502.390965,4,0,0,993065,1
49519.541166,4,0,0,992934,1
49520.345857,4,0,0,992961,1
49521.410555,4,0,0,992876,1
49521.580279,4,0,0,992842,1
49525.166610,4,0,0,992717,1
49532.966803,4,0,0,992902,1
49537.349310,4,0,0,992898,1
49538.508249,4,0,0,992932,1
49542.580771,4,0,0,993191,1
49543.101029,4,0,0,993222,1
49568.633161,4,0,0,993293,1
49572.093193,4,0,0,993476,1
49576.210399,4,0,0,993463,1
49578.195863,4,0,0,993530,1
49585.175834,4,0,0,993458,1
49589.081535,4,0,0,993524,1
49596.249474,4,0,0,993651,1
49596.663390,4,0,0,993670,1
49612.731864,4,0,0,993583,1
49615.699843,4,0,0,993437,1
49618.944843,4,0,0,993323,1
49620.630892,4,0,0,993284,1
49626.408709,4,0,0,993183,1
49628.071088,4,0,0,993240,1
49636.526530,4,0,0,993234,1
49638.578544,4,0,0,993276,1
49646.082346,4,0,0,993325,1
49646.249172,4,0,0,993351,1
49646.441523,4,0,0,993319,1
49654.594999,4,0,0,993299,1
49654.676925,4,0,0,993311,1
49660.335740,4,0,0,993263,1
49661.224806,4,0,0,993213,1
49662.213994,4,0,0,993187,1
49671.934368,4,0,0,993045,1
49677.744172,4,0,0,992935,1
49683.288934,4,0,0,992898,1
49683.410607,4,0,0,992916,1
49697.041982,4,0,0,992779,1
49699.950009,4,0,0,992810,1
49703.434778,4,0,0,992877,1
49703.487194,4,0,0,992894,1
49711.647960,4,0,0,992800,1
49717.390601,4,0,0,992754,1
49718.536263,4,0,0,992819,1
49723.774118,4,0,0,992700,1
49734.361973,4,0,0,992657,1
49738.102763,4,0,0,992602,1
49739.955667,4,0,0,992521,1
49742.405098,4,0,0,992388,1
49746.796032,4,0,0,992186,1
49747.418265,4,0,0,992193,1
49749.268667,4,0,0,992254,1
49750.138663,4,0,0,992252,1
49751.160957,4,0,0,992223,1
49752.545685,4,0,0,992261,1
49753.633161,4,0,0,992241,1
49762.156061,4,0,0,992124,1
49771.572948,4,0,0,992309,1
49773.218202,4,0,0,992279,1
49777.679773,4,0,0,992337,1
49778.081536,4,0,0,992371,1
49781.555308,4,0,0,992342,1
49789.539829,4,0,0,992302,1
49797.173395,4,0,0,992283,1
49797.904783,4,0,0,992343,1
49800.347708,4,0,0,992391,1
49808.145028,4,0,0,992281,1
49808.750465,4,0,0,992277,1
49810.163261,4,0,0,992165,1
49820.322520,4,0,0,992258,1
49820.785801,4,0,0,992260,1
49822.181741,4,0,0,992282,1
49824.078358,4,0,0,992229,1
49828.111134,4,0,0,992264,1
49832.546672,4,0,0,992380,1
49843.196114,4,0,0,992457,1
49850.003184,4,0,0,992472,1
49857.609939,4,0,0,992394,1
49864.819121,4,0,0,992357,1
49868.125318,4,0,0,992381,1
49872.797348,4,0,0,992446,1
49875.364793,4,0,0,992417,1
49875.933737,4,0,0,992450,1
49888.724050,4,0,0,992321,1
49891.556594,4,0,0,992368,1
49902.902700,4,0,0,992565,1
49906.901238,4,0,0,992500,1
49908.106550,4,0,0,992507,1
49910.223870,4,0,0,992538,1
49910.322239,4,0,0,992523,1
49912.895928,4,0,0,992521,1
49914.186996,4,0,0,992414,1
49920.055678,4,0,0,992414,1
49929.965847,4,0,0,992355,1
49932.697248,4,0,0,992377,1
49935.796458,4,0,0,992474,1
49936.529962,4,0,0,992439,1
49947.530781,4,0,0,992307,1
49948.387631,4,0,0,992315,1
49952.866518,4,0,0,992321,1
49964.242839,4,0,0,992305,1
49965.854622,4,0,0,992378,1
49981.663175,4,0,0,992391,1
49983.005941,4,0,0,992465,1
49996.156818,4,0,0,992351,1
49998.586616,4,0,0,992399,1
50016.271835,4,0,0,992251,1
50018.452301,4,0,0,992375,1
50021.388910,4,0,0,992328,1
50023.177942,4,0,0,992277,1
50027.798832,4,0,0,992296,1
50028.436117,4,0,0,992326,1
50032.527958,4,0,0,991988,1
50036.636556,4,0,0,991912,1
50037.305832,4,0,0,991951,1
50054.524141,4,0,0,992083,1
50055.483711,4,0,0,992152,1
50056.843440,4,0,0,992266,1
50062.682194,4,0,0,992231,1
50065.563799,4,0,0,992287,1
50065.743549,4,0,0,992307,1
50067.186082,4,0,0,992308,1
50072.490790,4,0,0,992382,1
50074.106880,4,0,0,992393,1
50074.654804,4,0,0,992431,1
50075.338111,4,0,0,992396,1
50075.731464,4,0,0,992412,1
50078.119036,4,0,0,992296,1
50084.513716,4,0,0,992273,1
50097.722661,4,0,0,992039,1
50102.674525,4,0,0,992066,1
50116.056186,4,0,0,992527,1
50120.697426,4,0,0,992439,1
50125.867908,4,0,0,992507,1
50127.318077,4,0,0,992520,1
50128.398579,4,0,0,992553,1
50139.921366,4,0,0,992424,1
50142.849575,4,0,0,992310,1
50152.558181,4,0,0,992489,1
50153.193607,4,0,0,992442,1
50155.605278,4,0,0,992458,1
50163.118006,4,0,0,992594,1
50163.381442,4,0,0,992612,1
50182.633626,4,0,0,992589,1
50183.223653,4,0,0,992623,1
50188.161152,4,0,0,992646,1
50195.074317,4,0,0,992667,1
50199.940975,4,0,0,992575,1
50204.775471,4,0,0,992552,1
50206.952748,4,0,0,992583,1
50212.404958,4,0,0,992617,1
50214.981513,4,0,0,992705,1
50215.537823,4,0,0,992729,1
50219.807621,4,0,0,992908,1
50247.981989,4,0,0,992966,1
50250.573305,4,0,0,992961,1
50253.349394,4,0,0,992888,1
50254.693212,4,0,0,992925,1
50273.047898,4,0,0,992802,1
50287.866991,4,0,0,992638,1
50294.093906,4,0,0,992543,1
50299.772577,4,0,0,992425,1
50300.540767,4,0,0,992424,1
50303.873707,4,0,0,992523,1
50311.494277,4,0,0,992581,1
50313.629134,4,0,0,992662,1
50322.249357,4,0,0,991683,1
50325.328848,4,0,0,991496,1
50332.447051,4,0,0,991165,1
50348.588636,4,0,0,991145,1
50357.890262,4,0,0,991276,1
50362.630090,4,0,0,991297,1
50373.129630,4,0,0,991409,1
50375.061326,4,0,0,991473,1
50377.406127,4,0,0,991393,1
50384.657162,4,0,0,991546,1
50387.287132,4,0,0,991511,1
50388.041521,4,0,0,991580,1
50400.749567,4,0,0,991491,1
50417.011138,4,0,0,991505,1
50427.097271,4,0,0,991523,1
50443.692842,4,0,0,991272,1
50444.092167,4,0,0,991202,1
50445.958873,4,0,0,991203,1
50452.121721,4,0,0,991126,1
50456.847730,4,0,0,991246,1
50456.961472,4,0,0,991237,1
50471.732138,4,0,0,991072,1
50472.742044,4,0,0,991120,1
50473.848849,4,0,0,991135,1
50479.377387,4,0,0,991183,1
50483.962381,4,0,0,991282,1
50486.848253,4,0,0,991319,1
50490.519952,4,0,0,991385,1
50491.057509,4,0,0,991428,1
50493.616790,4,0,0,991431,1
50498.416569,4,0,0,991206,1
50499.657305,4,0,0,991069,1
50508.415756,4,0,0,991050,1
50514.280977,4,0,0,991011,1
50515.362736,4,0,0,990935,1
50518.821636,4,0,0,990968,1
50527.465606,4,0,0,991073,1
50530.164209,4,0,0,991013,1
50534.301878,4,0,0,990972,1
50535.720798,4,0,0,991035,1
50539.980015,4,0,0,991114,1
50541.561338,4,0,0,991144,1
50544.467042,4,0,0,991216,1
50546.496338,4,0,0,991310,1
50554.785720,4,0,0,991215,1
50561.495638,4,0,0,991532,1
50562.548912,4,0,0,991500,1
50575.844601,4,0,0,991486,1
50582.116432,4,0,0,991497,1
50583.025112,4,0,0,991552,1
50583.577031,4,0,0,991542,1
50585.172436,4,0,0,991608,1
50590.617688,4,0,0,991542,1
50592.262671,4,0,0,991539,1
50594.752522,4,0,0,991704,1
50604.444531,4,0,0,991516,1
50604.769932,4,0,0,991527,1
50607.033752,4,0,0,991581,1
50631.268527,4,0,0,991940,1
50643.914756,4,0,0,991848,1
50644.585622,4,0,0,991826,1
50645.705126,4,0,0,991787,1
50646.400813,4,0,0,991781,1
50661.293535,4,0,0,991977,1
50664.211861,4,0,0,991987,1
50664.541197,4,0,0,991963,1
50678.995446,4,0,0,992426,1
50685.894856,4,0,0,992384,1
50693.318595,4,0,0,992409,1
50694.964089,4,0,0,992436,1
50695.629870,4,0,0,992434,1
50702.865194,4,0,0,992764,1
50708.377110,4,0,0,992552,1
50710.052420,4,0,0,992519,1
50719.994494,4,0,0,992684,1
50732.547787,4,0,0,992496,1
50734.513708,4,0,0,992428,1
50735.132097,4,0,0,992471,1
50736.981080,4,0,0,992524,1
50737.656032,4,0,0,992554,1
50738.021767,4,0,0,992604,1
50743.688015,4,0,0,992482,1
50759.250125,4,0,0,992855,1
50762.043199,4,0,0,992935,1
50770.894727,4,0,0,992919,1
50778.489920,4,0,0,992815,1
50787.537628,4,0,0,992626,1
50788.830114,4,0,0,992573,1
50798.227621,4,0,0,992553,1
50809.091537,4,0,0,992557,1
50809.752249,4,0,0,992570,1
50821.299442,4,0,0,992676,1
50824.995033,4,0,0,992731,1
