34199.000000,1,0,100,999000,1
34199.000000,1,0,100,999100,1
34199.000000,1,0,100,999200,1
34199.000000,1,0,100,999300,1
34199.000000,1,0,100,999400,1
34199.000000,1,0,100,999500,1
34199.000000,1,0,100,999600,1
34199.000000,1,0,100,999700,1
34199.000000,1,0,100,999800,1
34199.000000,1,0,100,999900,1
34199.000000,1,0,100,1000100,-1
34199.000000,1,0,100,1000200,-1
34199.000000,1,0,100,1000300,-1
34199.000000,1,0,100,1000400,-1
34199.000000,1,0,100,1000500,-1
34199.000000,1,0,100,1000600,-1
34199.000000,1,0,100,1000700,-1
34199.000000,1,0,100,1000800,-1
34199.000000,1,0,100,1000900,-1
34199.000000,1,0,100,1001000,-1
34200.000000,4,0,0,1000000,1
34203.787557,4,0,0,1000043,1
34220.996971,4,0,0,1000052,1
34226.994058,4,0,0,1000173,1
34232.712997,4,0,0,1000302,1
34233.876738,4,0,0,1000380,1
34251.759688,4,0,0,1000305,1
34251.789562,4,0,0,1000308,1
34253.183727,4,0,0,1000290,1
34255.911007,4,0,0,1000250,1
34263.135149,4,0,0,1000232,1
34264.187964,4,0,0,1000228,1
34273.689289,4,0,0,1000314,1
34293.279610,4,0,0,1000271,1
34294.134933,4,0,0,1000280,1
34298.483049,4,0,0,1000297,1
34298.526197,4,0,0,1000289,1
34300.862141,4,0,0,1000329,1
34301.078029,4,0,0,1000312,1
34316.080140,4,0,0,1000454,1
34318.818894,4,0,0,1000250,1
34333.041711,4,0,0,1000254,1
34340.418256,4,0,0,1000352,1
34350.035982,4,0,0,1000572,1
34350.944902,4,0,0,1000698,1
34351.317293,4,0,0,1000661,1
34355.706046,4,0,0,1000836,1
34356.585038,4,0,0,1000782,1
34362.903870,4,0,0,1000988,1
34365.413364,4,0,0,1001091,1
34369.001151,4,0,0,1001147,1
34382.259603,4,0,0,1001059,1
34385.784897,4,0,0,1000950,1
34386.332235,4,0,0,1001023,1
34387.155545,4,0,0,1001024,1
34390.921723,4,0,0,1001056,1
34394.474156,4,0,0,1000902,1
34399.326023,4,0,0,1000991,1
34401.779698,4,0,0,1001010,1
34406.795187,4,0,0,1001161,1
34409.212300,4,0,0,1001053,1
34413.886868,4,0,0,1001049,1
34420.858290,4,0,0,1000862,1
34421.800907,4,0,0,1000921,1
34424.051930,4,0,0,1000901,1
34427.389451,4,0,0,1000978,1
34432.936589,4,0,0,1000954,1
34434.335218,4,0,0,1000853,1
34438.202711,4,0,0,1000757,1
34442.890193,4,0,0,1000880,1
34453.686203,4,0,0,1000914,1
34455.840815,4,0,0,1000934,1
34460.691981,4,0,0,1001046,1
34461.707771,4,0,0,1001054,1
34464.999973,4,0,0,1000982,1
34465.962844,4,0,0,1001022,1
34477.940177,4,0,0,1000860,1
34480.642410,4,0,0,1000862,1
34489.117656,4,0,0,1000998,1
34491.694957,4,0,0,1000945,1
34502.929800,4,0,0,1000965,1
34505.410143,4,0,0,1000879,1
34507.332812,4,0,0,1000886,1
34511.390823,4,0,0,1000727,1
34520.316023,4,0,0,1000918,1
34529.748800,4,0,0,1000964,1
34534.077418,4,0,0,1000889,1
34534.500264,4,0,0,1000977,1
34538.847581,4,0,0,1001032,1
34540.193813,4,0,0,1001029,1
34546.498562,4,0,0,1001179,1
34557.255854,4,0,0,1001179,1
34560.712071,4,0,0,1001305,1
34565.134716,4,0,0,1001324,1
34565.456320,4,0,0,1001340,1
34569.168904,4,0,0,1001300,1
34569.830111,4,0,0,1001259,1
34574.387254,4,0,0,1001217,1
34576.547848,4,0,0,1001281,1
34583.526531,4,0,0,1001260,1
34583.764343,4,0,0,1001227,1
34584.320398,4,0,0,1001286,1
34589.827371,4,0,0,1001114,1
34593.282798,4,0,0,1000961,1
34597.335256,4,0,0,1000916,1
34606.207045,4,0,0,1000669,1
34609.404474,4,0,0,1000511,1
34617.346404,4,0,0,1000408,1
34620.758594,4,0,0,1000426,1
34633.251014,4,0,0,1000579,1
34638.506127,4,0,0,1000709,1
34639.275813,4,0,0,1000688,1
34641.443193,4,0,0,1000763,1
34651.042567,4,0,0,1000782,1
34653.103807,4,0,0,1000738,1
34654.105308,4,0,0,1000755,1
34657.163726,4,0,0,1000710,1
34659.548306,4,0,0,1000677,1
34664.159916,4,0,0,1000818,1
34666.903925,4,0,0,1000812,1
34668.349168,4,0,0,1000853,1
34670.891324,4,0,0,1000913,1
34673.487166,4,0,0,1000977,1
34684.610712,4,0,0,1000885,1
34703.219337,4,0,0,1000885,1
34707.889493,4,0,0,1000933,1
34708.304630,4,0,0,1000999,1
34714.616628,4,0,0,1000910,1
34720.043528,4,0,0,1001131,1
34728.402942,4,0,0,1001163,1
34730.443378,4,0,0,1001105,1
34730.733451,4,0,0,1001086,1
34735.256721,4,0,0,1000912,1
34735.889621,4,0,0,1000887,1
34742.701876,4,0,0,1001040,1
34750.263531,4,0,0,1001061,1
34752.774503,4,0,0,1001088,1
34766.535139,4,0,0,1000838,1
34767.447613,4,0,0,1000847,1
34781.106293,4,0,0,1001107,1
34784.100505,4,0,0,1001062,1
34790.982119,4,0,0,1001110,1
34797.662835,4,0,0,1001026,1
34816.660592,4,0,0,1001119,1
34833.975033,4,0,0,1001222,1
34834.170615,4,0,0,1001198,1
34834.247574,4,0,0,1001216,1
34837.993696,4,0,0,1001014,1
34838.158437,4,0,0,1000997,1
34843.279914,4,0,0,1000941,1
34846.939045,4,0,0,1001027,1
34852.188859,4,0,0,1001076,1
34854.971849,4,0,0,1001059,1
34856.492377,4,0,0,1001065,1
34870.780432,4,0,0,1000893,1
34877.008506,4,0,0,1000942,1
34877.038830,4,0,0,1000943,1
34877.538885,4,0,0,1000928,1
34882.313323,4,0,0,1000867,1
34883.937228,4,0,0,1000790,1
34886.440082,4,0,0,1000724,1
34893.710996,4,0,0,1000623,1
34895.800722,4,0,0,1000597,1
34908.234013,4,0,0,1000535,1
34914.326514,4,0,0,1000522,1
34918.163888,4,0,0,1000585,1
34919.118111,4,0,0,1000588,1
34921.636886,4,0,0,1000752,1
34928.516245,4,0,0,1000628,1
34950.925870,4,0,0,1000769,1
34951.291567,4,0,0,1000774,1
34951.983424,4,0,0,1000805,1
34958.423258,4,0,0,1000871,1
34967.000735,4,0,0,1000964,1
34967.445099,4,0,0,1000955,1
34975.898715,4,0,0,1000897,1
34983.284805,4,0,0,1000723,1
34988.855711,4,0,0,1000620,1
34990.841342,4,0,0,1000704,1
34993.651790,4,0,0,1000662,1
34995.832602,4,0,0,1000616,1
35004.606285,4,0,0,1000453,1
35006.508612,4,0,0,1000340,1
35008.370214,4,0,0,1000298,1
35021.457150,4,0,0,1000228,1
35033.529377,4,0,0,999955,1
35050.084003,4,0,0,999901,1
35057.961029,4,0,0,999707,1
35058.395660,4,0,0,999717,1
35058.851251,4,0,0,999739,1
35062.743943,4,0,0,999740,1
35072.013410,4,0,0,999810,1
35082.318479,4,0,0,999789,1
35087.160312,4,0,0,999796,1
35102.069774,4,0,0,999665,1
35102.857230,4,0,0,999686,1
35104.054574,4,0,0,999692,1
35105.986691,4,0,0,999693,1
35107.405379,4,0,0,999741,1
35109.194364,4,0,0,999739,1
35109.796971,4,0,0,999767,1
35112.046190,4,0,0,999689,1
35112.190672,4,0,0,999699,1
35115.879483,4,0,0,999802,1
35129.816035,4,0,0,999766,1
35132.631516,4,0,0,999628,1
35137.309099,4,0,0,999690,1
35141.832252,4,0,0,999656,1
35154.780020,4,0,0,999574,1
35161.119314,4,0,0,999532,1
35169.445818,4,0,0,999465,1
35171.402016,4,0,0,999432,1
35182.779202,4,0,0,999413,1
35183.758261,4,0,0,999397,1
35186.264026,4,0,0,999488,1
35192.656422,4,0,0,999735,1
35194.595427,4,0,0,999802,1
35204.981101,4,0,0,999773,1
35214.401566,4,0,0,999632,1
35215.264188,4,0,0,999643,1
35216.518145,4,0,0,999699,1
35216.775594,4,0,0,999670,1
35226.130138,4,0,0,999610,1
35228.110691,4,0,0,999680,1
35230.498937,4,0,0,999548,1
35232.005648,4,0,0,999554,1
35232.634257,4,0,0,999541,1
35235.552610,4,0,0,999425,1
35236.831306,4,0,0,999456,1
35240.789972,4,0,0,999325,1
35241.873148,4,0,0,999309,1
35245.296513,4,0,0,999315,1
35259.458689,4,0,0,999254,1
35261.681151,4,0,0,999344,1
35276.422136,4,0,0,999309,1
35276.703714,4,0,0,999302,1
35280.507905,4,0,0,999168,1
35284.885355,4,0,0,999115,1
35300.485834,4,0,0,999158,1
35312.879125,4,0,0,999401,1
35316.297785,4,0,0,999303,1
35323.109177,4,0,0,999213,1
35340.918323,4,0,0,998942,1
35347.293423,4,0,0,998714,1
35362.007014,4,0,0,999017,1
35375.367807,4,0,0,998973,1
35378.509847,4,0,0,999080,1
35383.665071,4,0,0,999139,1
35384.612790,4,0,0,999084,1
35387.358983,4,0,0,999103,1
35396.970811,4,0,0,998676,1
35401.086065,4,0,0,998729,1
35402.652689,4,0,0,998741,1
35403.278907,4,0,0,998731,1
35404.539761,4,0,0,998743,1
35405.178000,4,0,0,998754,1
35406.450850,4,0,0,998791,1
35408.763542,4,0,0,998879,1
35408.973125,4,0,0,998858,1
35417.694501,4,0,0,999249,1
35420.166699,4,0,0,999165,1
35424.171718,4,0,0,999051,1
35429.004153,4,0,0,999078,1
35429.685466,4,0,0,999040,1
35430.098118,4,0,0,998977,1
35430.911835,4,0,0,998981,1
35451.393561,4,0,0,998949,1
35451.921225,4,0,0,998939,1
35454.546960,4,0,0,998775,1
35464.489075,4,0,0,998673,1
35468.684638,4,0,0,998518,1
35468.769193,4,0,0,998503,1
35479.263918,4,0,0,998538,1
35481.581014,4,0,0,998492,1
35482.458615,4,0,0,998542,1
35484.424397,4,0,0,998567,1
35488.734844,4,0,0,998502,1
35488.918759,4,0,0,998492,1
35493.846385,4,0,0,998496,1
35498.348578,4,0,0,998659,1
35499.590420,4,0,0,998680,1
35502.244070,4,0,0,998686,1
35503.272104,4,0,0,998677,1
35503.375164,4,0,0,998670,1
35507.566638,4,0,0,998511,1
35510.384117,4,0,0,998517,1
35519.205697,4,0,0,998406,1
35520.266684,4,0,0,998398,1
35523.043332,4,0,0,998430,1
35528.306010,4,0,0,998431,1
35528.644346,4,0,0,998451,1
35530.742895,4,0,0,998506,1
35536.280420,4,0,0,998570,1
35537.624234,4,0,0,998586,1
35539.787285,4,0,0,998568,1
35543.904028,4,0,0,998404,1
35546.421542,4,0,0,998353,1
35556.429887,4,0,0,998535,1
35565.823855,4,0,0,998569,1
35574.406958,4,0,0,998458,1
35577.062719,4,0,0,998449,1
35578.070732,4,0,0,998399,1
35582.939154,4,0,0,998292,1
35585.610635,4,0,0,998307,1
35588.979719,4,0,0,998315,1
35594.012252,4,0,0,998136,1
35607.455699,4,0,0,998205,1
35615.350163,4,0,0,998100,1
35615.978711,4,0,0,998118,1
35627.355771,4,0,0,998155,1
35632.758660,4,0,0,998098,1
35634.598088,4,0,0,998042,1
35640.856577,4,0,0,997779,1
35643.936275,4,0,0,997778,1
35647.871792,4,0,0,997703,1
35651.926296,4,0,0,997728,1
35652.711519,4,0,0,997730,1
35654.859598,4,0,0,997733,1
35657.594861,4,0,0,997701,1
35657.879072,4,0,0,997764,1
35664.027995,4,0,0,997738,1
35665.919537,4,0,0,997739,1
35669.016463,4,0,0,997846,1
35683.153905,4,0,0,997875,1
35692.832035,4,0,0,998313,1
35694.356669,4,0,0,998386,1
35696.800581,4,0,0,998315,1
35700.848497,4,0,0,998195,1
35701.456727,4,0,0,998253,1
35709.059506,4,0,0,998343,1
35710.929420,4,0,0,998409,1
35711.516778,4,0,0,998515,1
35717.387884,4,0,0,998480,1
35720.845819,4,0,0,998495,1
35720.977146,4,0,0,998504,1
35724.931770,4,0,0,998373,1
35731.837956,4,0,0,998575,1
35731.988691,4,0,0,998583,1
35737.111606,4,0,0,998620,1
35738.487631,4,0,0,998557,1
35741.219012,4,0,0,998458,1
35741.577053,4,0,0,998422,1
35745.208780,4,0,0,998518,1
35758.564485,4,0,0,998482,1
35760.302389,4,0,0,998453,1
35760.616176,4,0,0,998454,1
35769.628220,4,0,0,998747,1
35783.723129,4,0,0,999098,1
35786.951763,4,0,0,999204,1
35798.383228,4,0,0,999299,1
35809.821539,4,0,0,999306,1
35816.160835,4,0,0,999428,1
35824.668257,4,0,0,999518,1
35825.513085,4,0,0,999460,1
35834.441237,4,0,0,999286,1
35837.009254,4,0,0,999284,1
35838.624105,4,0,0,999319,1
35842.568666,4,0,0,999534,1
35851.881855,4,0,0,999571,1
35854.595430,4,0,0,999592,1
35854.982415,4,0,0,999630,1
35856.601230,4,0,0,999708,1
35858.206869,4,0,0,999643,1
35863.915108,4,0,0,999576,1
35878.745341,4,0,0,999375,1
35882.563774,4,0,0,999410,1
35883.961974,4,0,0,999366,1
35889.767095,4,0,0,999086,1
35890.531170,4,0,0,999152,1
35890.835226,4,0,0,999168,1
35895.839843,4,0,0,999118,1
35898.092218,4,0,0,999177,1
35900.956904,4,0,0,999160,1
35901.324305,4,0,0,999185,1
35904.447204,4,0,0,999065,1
35908.901067,4,0,0,998988,1
35928.242060,4,0,0,999107,1
35928.345804,4,0,0,999116,1
35931.821889,4,0,0,999054,1
35935.010271,4,0,0,999050,1
35939.700435,4,0,0,998955,1
35948.870880,4,0,0,998883,1
35952.165355,4,0,0,998939,1
35956.228312,4,0,0,998987,1
35959.566039,4,0,0,999048,1
35967.174864,4,0,0,999006,1
35978.524775,4,0,0,998920,1
35980.386984,4,0,0,999014,1
35986.547419,4,0,0,999131,1
35991.630966,4,0,0,999034,1
35993.864507,4,0,0,999008,1
36001.641914,4,0,0,999231,1
36007.318735,4,0,0,999227,1
36010.554911,4,0,0,999102,1
36014.610507,4,0,0,999112,1
36028.829778,4,0,0,999310,1
36033.715530,4,0,0,999222,1
36038.531665,4,0,0,999393,1
36040.821612,4,0,0,999375,1
36048.100702,4,0,0,999447,1
36057.941428,4,0,0,999299,1
36059.711588,4,0,0,999314,1
36061.600339,4,0,0,999326,1
36066.946273,4,0,0,999387,1
36068.575674,4,0,0,999370,1
36068.983151,4,0,0,999317,1
36070.607474,4,0,0,999361,1
36076.316141,4,0,0,999367,1
36079.654935,4,0,0,999353,1
36083.802310,4,0,0,999363,1
36088.506475,4,0,0,999428,1
36092.167678,4,0,0,999328,1
36107.712304,4,0,0,999087,1
36115.667319,4,0,0,999138,1
36131.475830,4,0,0,999138,1
36137.125935,4,0,0,998905,1
36144.860191,4,0,0,998738,1
36151.513203,4,0,0,998543,1
36165.049551,4,0,0,998542,1
36167.038994,4,0,0,998605,1
36168.913644,4,0,0,998565,1
36168.970970,4,0,0,998561,1
36169.306606,4,0,0,998586,1
36184.897255,4,0,0,998772,1
36187.976617,4,0,0,998769,1
36188.596564,4,0,0,998755,1
36189.142246,4,0,0,998821,1
36192.626780,4,0,0,998693,1
36197.665478,4,0,0,998676,1
36206.252627,4,0,0,998830,1
36210.302897,4,0,0,998889,1
36212.245104,4,0,0,998893,1
36218.012973,4,0,0,998872,1
36219.006623,4,0,0,998842,1
36220.940864,4,0,0,998903,1
36221.556968,4,0,0,998880,1
36227.013768,4,0,0,999022,1
36230.721957,4,0,0,998882,1
36233.489003,4,0,0,998917,1
36234.739979,4,0,0,998986,1
36243.611306,4,0,0,998822,1
36246.024971,4,0,0,998859,1
36257.658679,4,0,0,998915,1
36259.174754,4,0,0,998983,1
36264.021900,4,0,0,999048,1
36270.414836,4,0,0,999125,1
36271.301310,4,0,0,999084,1
36272.262016,4,0,0,999098,1
36279.177285,4,0,0,999125,1
36279.625022,4,0,0,999061,1
36282.735652,4,0,0,999019,1
36283.148909,4,0,0,999055,1
36299.005605,4,0,0,999413,1
36307.624032,4,0,0,999312,1
36308.888117,4,0,0,999319,1
36317.751094,4,0,0,999294,1
36324.330433,4,0,0,999217,1
36324.879129,4,0,0,999209,1
36326.363206,4,0,0,999149,1
36331.271258,4,0,0,999113,1
36337.141496,4,0,0,999357,1
36339.153952,4,0,0,999438,1
36339.814044,4,0,0,999431,1
36343.078492,4,0,0,999477,1
36349.980285,4,0,0,999535,1
36353.499828,4,0,0,999685,1
36354.533104,4,0,0,999716,1
36356.267749,4,0,0,999819,1
36363.037395,4,0,0,999912,1
36365.988969,4,0,0,999906,1
36372.916174,4,0,0,999952,1
36373.841587,4,0,0,999928,1
36379.362281,4,0,0,999946,1
36387.045404,4,0,0,999972,1
36397.487158,4,0,0,1000079,1
36399.180653,4,0,0,1000173,1
36410.806499,4,0,0,1000145,1
36415.018275,4,0,0,1000188,1
36416.683516,4,0,0,1000186,1
36416.833829,4,0,0,1000199,1
36422.056663,4,0,0,1000341,1
36436.319386,4,0,0,1000394,1
36440.403850,4,0,0,1000333,1
36442.110677,4,0,0,1000346,1
36444.023263,4,0,0,1000419,1
36447.248152,4,0,0,1000577,1
36467.004016,4,0,0,1000687,1
36469.695530,4,0,0,1000501,1
36472.036421,4,0,0,1000546,1
36475.297709,4,0,0,1000459,1
36476.495880,4,0,0,1000473,1
36478.138004,4,0,0,1000374,1
36486.078369,4,0,0,1000251,1
36496.755772,4,0,0,1000096,1
36498.966002,4,0,0,1000129,1
36502.111094,4,0,0,1000227,1
36513.288130,4,0,0,1000417,1
36519.261833,4,0,0,1000231,1
36522.187408,4,0,0,1000153,1
36537.353957,4,0,0,1000085,1
36547.711322,4,0,0,1000109,1
36550.679199,4,0,0,1000102,1
36551.706664,4,0,0,1000085,1
36560.350032,4,0,0,1000007,1
36571.244125,4,0,0,999967,1
36576.571955,4,0,0,999965,1
36584.395620,4,0,0,999840,1
36584.487406,4,0,0,999841,1
36589.120307,4,0,0,999854,1
36596.984227,4,0,0,999783,1
36598.593518,4,0,0,999714,1
36599.400662,4,0,0,999689,1
36609.971372,4,0,0,999723,1
36617.260014,4,0,0,1000059,1
36619.379976,4,0,0,999941,1
36623.500190,4,0,0,999896,1
36624.736603,4,0,0,999857,1
36626.660271,4,0,0,999739,1
36632.206375,4,0,0,999650,1
36639.051662,4,0,0,999544,1
36649.171347,4,0,0,999465,1
36654.312604,4,0,0,999437,1
36661.992026,4,0,0,999395,1
36662.996658,4,0,0,999397,1
36669.066069,4,0,0,999374,1
36687.975537,4,0,0,999785,1
36699.421065,4,0,0,999887,1
36706.752671,4,0,0,999898,1
36717.435576,4,0,0,999724,1
36720.337617,4,0,0,999720,1
36722.165147,4,0,0,999720,1
36727.033586,4,0,0,999476,1
36731.243102,4,0,0,999411,1
36731.440014,4,0,0,999414,1
36732.943715,4,0,0,999369,1
36737.141291,4,0,0,999391,1
36737.462034,4,0,0,999376,1
36737.771812,4,0,0,999408,1
36740.028962,4,0,0,999408,1
36740.646385,4,0,0,999454,1
36743.206845,4,0,0,999448,1
36748.577477,4,0,0,999406,1
36751.632387,4,0,0,999213,1
36751.721991,4,0,0,999237,1
36764.332867,4,0,0,999388,1
36765.713957,4,0,0,999373,1
36765.749408,4,0,0,999372,1
36768.542839,4,0,0,999458,1
36777.630374,4,0,0,999575,1
36790.596699,4,0,0,999619,1
36791.279920,4,0,0,999658,1
36791.622170,4,0,0,999642,1
36800.226212,4,0,0,999713,1
36809.114291,4,0,0,999550,1
36820.890875,4,0,0,999260,1
36828.361758,4,0,0,999089,1
36837.014456,4,0,0,998914,1
36845.151753,4,0,0,999062,1
36845.345934,4,0,0,999072,1
36846.271821,4,0,0,999156,1
36846.484818,4,0,0,999160,1
36846.489154,4,0,0,999166,1
36864.437535,4,0,0,999317,1
36899.620124,4,0,0,999007,1
36903.496099,4,0,0,999035,1
36904.261625,4,0,0,999026,1
36904.961341,4,0,0,999035,1
36916.551990,4,0,0,999080,1
36928.491888,4,0,0,998777,1
36932.693050,4,0,0,998829,1
36938.817387,4,0,0,998855,1
36943.192613,4,0,0,998985,1
36949.158464,4,0,0,999219,1
36967.472706,4,0,0,999045,1
36970.200123,4,0,0,999093,1
36970.584200,4,0,0,999087,1
36970.971915,4,0,0,999081,1
36976.046899,4,0,0,999087,1
36976.336998,4,0,0,999088,1
36976.883359,4,0,0,999046,1
36987.141713,4,0,0,999004,1
37000.433393,4,0,0,998818,1
37001.009460,4,0,0,998787,1
37002.202801,4,0,0,998832,1
37024.545887,4,0,0,999176,1
37036.598016,4,0,0,999199,1
37041.327260,4,0,0,999202,1
37044.397864,4,0,0,999271,1
37051.854403,4,0,0,999076,1
37055.052134,4,0,0,999208,1
37072.814790,4,0,0,999069,1
37079.803861,4,0,0,999209,1
37084.648358,4,0,0,999159,1
37085.216568,4,0,0,999194,1
37091.308088,4,0,0,999058,1
37091.905396,4,0,0,999083,1
37092.661540,4,0,0,999051,1
37102.144684,4,0,0,998805,1
37106.216500,4,0,0,998816,1
37110.173256,4,0,0,998764,1
37115.903265,4,0,0,998804,1
37124.824684,4,0,0,998949,1
37138.845018,4,0,0,999093,1
37139.164346,4,0,0,999150,1
37139.360460,4,0,0,999200,1
37139.746359,4,0,0,999212,1
37157.989416,4,0,0,999534,1
37161.640203,4,0,0,999532,1
37163.891143,4,0,0,999577,1
37168.383014,4,0,0,999451,1
37169.000909,4,0,0,999506,1
37171.354171,4,0,0,999612,1
37173.032322,4,0,0,999542,1
37178.402179,4,0,0,999466,1
37179.216125,4,0,0,999452,1
37196.489337,4,0,0,999286,1
37196.690212,4,0,0,999278,1
37197.209373,4,0,0,999256,1
37198.072814,4,0,0,999265,1
37219.999904,4,0,0,999478,1
37221.428274,4,0,0,999469,1
37226.979936,4,0,0,999295,1
37232.397875,4,0,0,999477,1
37234.671413,4,0,0,999392,1
37236.362770,4,0,0,999363,1
37242.900374,4,0,0,999362,1
37243.309404,4,0,0,999358,1
37243.415455,4,0,0,999341,1
37245.902530,4,0,0,999389,1
37247.768676,4,0,0,999271,1
37248.119359,4,0,0,999319,1
37248.550786,4,0,0,999321,1
37251.870880,4,0,0,999228,1
37266.704883,4,0,0,999295,1
37272.454051,4,0,0,999432,1
37273.402239,4,0,0,999417,1
37275.521343,4,0,0,999411,1
37280.983897,4,0,0,999483,1
37281.369133,4,0,0,999437,1
37282.415893,4,0,0,999380,1
37282.760701,4,0,0,999415,1
37285.803971,4,0,0,999469,1
37289.571419,4,0,0,999400,1
37299.072881,4,0,0,999371,1
37299.227806,4,0,0,999355,1
37299.938405,4,0,0,999361,1
37301.490747,4,0,0,999511,1
37304.046053,4,0,0,999513,1
37305.780180,4,0,0,999427,1
37328.051273,4,0,0,999574,1
37330.140231,4,0,0,999517,1
37341.529730,4,0,0,999480,1
37365.593394,4,0,0,999284,1
37367.243609,4,0,0,999219,1
37368.046237,4,0,0,999190,1
37377.207608,4,0,0,999093,1
37377.277876,4,0,0,999115,1
37377.918815,4,0,0,999161,1
37378.961874,4,0,0,999099,1
37379.073335,4,0,0,999097,1
37383.898335,4,0,0,999124,1
37383.977880,4,0,0,999111,1
37385.504719,4,0,0,999231,1
37389.395314,4,0,0,999327,1
37394.721629,4,0,0,999252,1
37395.343078,4,0,0,999247,1
37399.044725,4,0,0,999305,1
37404.953167,4,0,0,999348,1
37405.178945,4,0,0,999354,1
37408.152772,4,0,0,999415,1
37410.361934,4,0,0,999312,1
37410.720079,4,0,0,999315,1
37414.880046,4,0,0,999372,1
37415.264372,4,0,0,999353,1
37420.780952,4,0,0,999393,1
37424.124585,4,0,0,999232,1
37433.666188,4,0,0,999056,1
37436.775385,4,0,0,999014,1
37445.926386,4,0,0,999067,1
37448.042231,4,0,0,999087,1
37451.146988,4,0,0,999222,1
37455.551805,4,0,0,999283,1
37461.168532,4,0,0,999303,1
37462.910501,4,0,0,999317,1
37463.150141,4,0,0,999355,1
37468.889289,4,0,0,999267,1
37475.693412,4,0,0,999071,1
37485.780783,4,0,0,998947,1
37490.252149,4,0,0,998857,1
37497.894519,4,0,0,998686,1
37498.855632,4,0,0,998761,1
37500.864425,4,0,0,998688,1
37503.297848,4,0,0,998761,1
37505.252962,4,0,0,998763,1
37507.146611,4,0,0,998836,1
37512.069878,4,0,0,998803,1
37520.670551,4,0,0,999140,1
37524.237545,4,0,0,999136,1
37530.486810,4,0,0,999268,1
37534.772894,4,0,0,999097,1
37540.614893,4,0,0,999148,1
37544.990492,4,0,0,999051,1
37545.700035,4,0,0,999032,1
37555.124653,4,0,0,999140,1
37556.004553,4,0,0,999194,1
37557.543793,4,0,0,999180,1
37561.198917,4,0,0,999338,1
37566.613678,4,0,0,999282,1
37579.223333,4,0,0,998938,1
37579.979856,4,0,0,998897,1
37580.218525,4,0,0,998878,1
37584.757467,4,0,0,998986,1
37588.831045,4,0,0,999020,1
37595.078232,4,0,0,999022,1
37596.042499,4,0,0,998997,1
37603.354059,4,0,0,999039,1
37603.671058,4,0,0,999038,1
37604.332301,4,0,0,999007,1
37605.268470,4,0,0,998994,1
37605.708303,4,0,0,998992,1
37605.919419,4,0,0,999002,1
37610.908239,4,0,0,999316,1
37628.972570,4,0,0,998938,1
37631.575568,4,0,0,998999,1
37632.361348,4,0,0,998943,1
37634.036250,4,0,0,998991,1
37635.375803,4,0,0,999079,1
37641.385272,4,0,0,998881,1
37646.034023,4,0,0,999073,1
37650.551316,4,0,0,999011,1
37670.516297,4,0,0,999052,1
37672.059479,4,0,0,999043,1
37676.762483,4,0,0,999038,1
37679.173124,4,0,0,999088,1
37685.561847,4,0,0,999100,1
37687.705583,4,0,0,999112,1
37696.141159,4,0,0,999160,1
37697.689266,4,0,0,999253,1
37703.322799,4,0,0,999271,1
37704.450401,4,0,0,999230,1
37711.289859,4,0,0,999100,1
37714.784061,4,0,0,999038,1
37716.076124,4,0,0,998924,1
37722.561186,4,0,0,998950,1
37723.153486,4,0,0,998961,1
37729.120763,4,0,0,999295,1
37736.048164,4,0,0,999575,1
37739.732153,4,0,0,999530,1
37743.373927,4,0,0,999422,1
37750.179891,4,0,0,999513,1
37754.171936,4,0,0,999546,1
37754.542679,4,0,0,999593,1
37754.909206,4,0,0,999616,1
37769.841743,4,0,0,999728,1
37773.091123,4,0,0,999825,1
37778.308245,4,0,0,999879,1
37780.476199,4,0,0,999946,1
37782.590929,4,0,0,999956,1
37788.112553,4,0,0,999984,1
37789.891659,4,0,0,999984,1
37790.402233,4,0,0,999975,1
37792.320954,4,0,0,999952,1
37792.923710,4,0,0,999951,1
37810.751441,4,0,0,1000171,1
37819.791785,4,0,0,1000086,1
37824.630947,4,0,0,1000240,1
37824.990031,4,0,0,1000264,1
37827.746280,4,0,0,1000237,1
37838.487248,4,0,0,1000129,1
37843.061281,4,0,0,1000149,1
37845.445345,4,0,0,1000077,1
37847.675872,4,0,0,999973,1
37848.601638,4,0,0,999962,1
37848.616220,4,0,0,999967,1
37852.313558,4,0,0,1000015,1
37857.569290,4,0,0,1000033,1
37858.677312,4,0,0,1000023,1
37862.893708,4,0,0,1000111,1
37865.400168,4,0,0,1000063,1
37865.985041,4,0,0,1000074,1
37869.618773,4,0,0,1000293,1
37878.077000,4,0,0,1000439,1
37882.490970,4,0,0,1000416,1
37884.902829,4,0,0,1000517,1
37885.016161,4,0,0,1000524,1
37886.429131,4,0,0,1000566,1
37890.864417,4,0,0,1000423,1
37896.413201,4,0,0,1000377,1
37898.315878,4,0,0,1000354,1
37899.393441,4,0,0,1000336,1
37906.416106,4,0,0,1000399,1
37906.871725,4,0,0,1000348,1
37909.443710,4,0,0,1000590,1
37914.015944,4,0,0,1000551,1
37917.397460,4,0,0,1000445,1
37917.666388,4,0,0,1000483,1
37918.780525,4,0,0,1000459,1
37919.691660,4,0,0,1000463,1
37923.117221,4,0,0,1000424,1
37924.217889,4,0,0,1000431,1
37930.835076,4,0,0,1000417,1
37931.261366,4,0,0,1000434,1
37933.662278,4,0,0,1000457,1
37943.902628,4,0,0,1000544,1
37958.366572,4,0,0,1000761,1
37960.152804,4,0,0,1000751,1
37961.251406,4,0,0,1000713,1
37961.350767,4,0,0,1000695,1
37967.092929,4,0,0,1000737,1
37967.452993,4,0,0,1000712,1
37995.662880,4,0,0,1000352,1
37997.368389,4,0,0,1000262,1
38013.085410,4,0,0,1000425,1
38019.234058,4,0,0,1000409,1
38021.775915,4,0,0,1000419,1
38023.630233,4,0,0,1000427,1
38028.944096,4,0,0,1000549,1
38041.693851,4,0,0,1000478,1
38043.178959,4,0,0,1000426,1
38048.130892,4,0,0,1000626,1
38050.850587,4,0,0,1000530,1
38051.038741,4,0,0,1000551,1
38051.289541,4,0,0,1000539,1
38051.512196,4,0,0,1000613,1
38051.738452,4,0,0,1000575,1
38053.491461,4,0,0,1000551,1
38061.125952,4,0,0,1000601,1
38074.889994,4,0,0,1000910,1
38077.419834,4,0,0,1000845,1
38084.556321,4,0,0,1001041,1
38094.992746,4,0,0,1001194,1
38096.409505,4,0,0,1001238,1
38101.129732,4,0,0,1001179,1
38115.825918,4,0,0,1001119,1
38119.924758,4,0,0,1001112,1
38126.056360,4,0,0,1000921,1
38126.658016,4,0,0,1000861,1
38129.156609,4,0,0,1000852,1
38131.267422,4,0,0,1000865,1
38138.519033,4,0,0,1000905,1
38139.225145,4,0,0,1000871,1
38146.182572,4,0,0,1000765,1
38149.982130,4,0,0,1000709,1
38154.870325,4,0,0,1000645,1
38167.713098,4,0,0,1000670,1
38174.675228,4,0,0,1000738,1
38178.352383,4,0,0,1000716,1
38179.878723,4,0,0,1000701,1
38182.244279,4,0,0,1000740,1
38183.507663,4,0,0,1000715,1
38184.942030,4,0,0,1000677,1
38189.940076,4,0,0,1000842,1
38192.226654,4,0,0,1000866,1
38209.263131,4,0,0,1000620,1
38210.482769,4,0,0,1000779,1
38216.378694,4,0,0,1000659,1
38217.885453,4,0,0,1000656,1
38227.908887,4,0,0,1000659,1
38231.334568,4,0,0,1000671,1
38241.794490,4,0,0,1000813,1
38252.293324,4,0,0,1000844,1
38276.838327,4,0,0,1000985,1
38283.744977,4,0,0,1001092,1
38288.474102,4,0,0,1001273,1
38291.635275,4,0,0,1001302,1
38301.593864,4,0,0,1001437,1
38304.794604,4,0,0,1001398,1
38318.662046,4,0,0,1001416,1
38325.253773,4,0,0,1001583,1
38329.209969,4,0,0,1001562,1
38330.686165,4,0,0,1001521,1
38332.594709,4,0,0,1001428,1
38333.401484,4,0,0,1001421,1
38340.385340,4,0,0,1001353,1
38345.651388,4,0,0,1001355,1
38352.151795,4,0,0,1001248,1
38355.162190,4,0,0,1001203,1
38370.115261,4,0,0,1000970,1
38370.952265,4,0,0,1000976,1
38372.773600,4,0,0,1000984,1
38375.675130,4,0,0,1000836,1
38375.878614,4,0,0,1000816,1
38381.972912,4,0,0,1000980,1
38383.557571,4,0,0,1000957,1
38384.816508,4,0,0,1000954,1
38389.471014,4,0,0,1000973,1
38398.658468,4,0,0,1000761,1
38398.807492,4,0,0,1000783,1
38402.340809,4,0,0,1000907,1
38405.137541,4,0,0,1000891,1
38424.848940,4,0,0,1000973,1
38426.974871,4,0,0,1001000,1
38427.480160,4,0,0,1001020,1
38444.994123,4,0,0,1001169,1
38447.943942,4,0,0,1001206,1
38451.099045,4,0,0,1001231,1
38454.677655,4,0,0,1001287,1
38456.076227,4,0,0,1001388,1
38461.079027,4,0,0,1001606,1
38467.137298,4,0,0,1001604,1
38471.599453,4,0,0,1001644,1
38475.837358,4,0,0,1001687,1
38478.451794,4,0,0,1001776,1
38483.492873,4,0,0,1001740,1
38483.845086,4,0,0,1001718,1
38486.015914,4,0,0,1001627,1
38486.117235,4,0,0,1001626,1
38490.197205,4,0,0,1001862,1
38503.855806,4,0,0,1001665,1
38516.694505,4,0,0,1001748,1
38522.668714,4,0,0,1001873,1
38526.285883,4,0,0,1002050,1
38533.509206,4,0,0,1001889,1
38534.780031,4,0,0,1001831,1
38536.414765,4,0,0,1001762,1
38538.415394,4,0,0,1001807,1
38541.258238,4,0,0,1001801,1
38551.516495,4,0,0,1001866,1
38559.152091,4,0,0,1001841,1
38562.607401,4,0,0,1001664,1
38566.102743,4,0,0,1001534,1
38567.035527,4,0,0,1001510,1
38569.242082,4,0,0,1001607,1
38574.774924,4,0,0,1001726,1
38585.011489,4,0,0,1001512,1
38589.480935,4,0,0,1001583,1
38595.431177,4,0,0,1001699,1
38602.930410,4,0,0,1001687,1
38608.172270,4,0,0,1001734,1
38616.733419,4,0,0,1002002,1
38622.216197,4,0,0,1001732,1
38631.979753,4,0,0,1001495,1
38641.939519,4,0,0,1001552,1
38653.897202,4,0,0,1001506,1
38660.541045,4,0,0,1001560,1
38660.591765,4,0,0,1001569,1
38664.447475,4,0,0,1001464,1
38664.922511,4,0,0,1001450,1
38674.329625,4,0,0,1001311,1
38677.335866,4,0,0,1001298,1
38677.400404,4,0,0,1001314,1
38679.491199,4,0,0,1001322,1
38687.482466,4,0,0,1001401,1
38695.338303,4,0,0,1001348,1
38707.742032,4,0,0,1001447,1
38712.438554,4,0,0,1001315,1
38718.492814,4,0,0,1001265,1
38718.989816,4,0,0,1001266,1
38720.726916,4,0,0,1001215,1
38721.288128,4,0,0,1001238,1
38725.639700,4,0,0,1001163,1
38728.513636,4,0,0,1001245,1
38729.545432,4,0,0,1001283,1
38735.335353,4,0,0,1001061,1
38743.839025,4,0,0,1001067,1
38744.710691,4,0,0,1001125,1
38754.138555,4,0,0,1000969,1
38755.804424,4,0,0,1000919,1
38763.950502,4,0,0,1000750,1
38768.638895,4,0,0,1000773,1
38772.110717,4,0,0,1000743,1
38774.883995,4,0,0,1000665,1
38784.683509,4,0,0,1000564,1
38788.953123,4,0,0,1000698,1
38796.515171,4,0,0,1000380,1
38812.356049,4,0,0,1000056,1
38813.274928,4,0,0,999989,1
38814.665638,4,0,0,999903,1
38819.513688,4,0,0,999849,1
38820.470364,4,0,0,999828,1
38821.238401,4,0,0,999810,1
38835.120577,4,0,0,999458,1
38845.694439,4,0,0,999467,1
38855.859675,4,0,0,999275,1
38857.264411,4,0,0,999293,1
38860.826535,4,0,0,999118,1
38864.022864,4,0,0,999175,1
38864.199850,4,0,0,999161,1
38864.365470,4,0,0,999146,1
38865.180110,4,0,0,999090,1
38867.623811,4,0,0,999026,1
38868.520801,4,0,0,999064,1
38868.739483,4,0,0,999049,1
38871.365499,4,0,0,998990,1
38878.389648,4,0,0,998752,1
38878.546220,4,0,0,998751,1
38883.051124,4,0,0,998672,1
38885.077275,4,0,0,998678,1
38902.182175,4,0,0,998656,1
38908.621557,4,0,0,998632,1
38919.023212,4,0,0,998406,1
38926.258414,4,0,0,998114,1
38931.149016,4,0,0,998203,1
38931.464662,4,0,0,998194,1
38934.112665,4,0,0,998162,1
38934.407720,4,0,0,998138,1
38948.130562,4,0,0,998148,1
38952.614206,4,0,0,998162,1
38953.571102,4,0,0,998170,1
38955.001079,4,0,0,998138,1
38957.004689,4,0,0,998136,1
38961.939747,4,0,0,998209,1
38963.535417,4,0,0,998419,1
38977.309056,4,0,0,998062,1
38978.869431,4,0,0,998141,1
38988.386300,4,0,0,997769,1
38992.169396,4,0,0,997862,1
38992.765727,4,0,0,997856,1
38994.819143,4,0,0,997907,1
38996.567665,4,0,0,997964,1
39019.351767,4,0,0,998074,1
39021.945754,4,0,0,997967,1
39026.725689,4,0,0,998075,1
39028.772299,4,0,0,997877,1
39037.620062,4,0,0,997790,1
39040.835910,4,0,0,997897,1
39044.344281,4,0,0,997825,1
39054.067151,4,0,0,997716,1
39055.225133,4,0,0,997745,1
39057.823425,4,0,0,997824,1
39063.308317,4,0,0,997810,1
39067.914361,4,0,0,997796,1
39073.300342,4,0,0,997863,1
39089.144284,4,0,0,997775,1
39090.583860,4,0,0,997834,1
39092.198367,4,0,0,997861,1
39101.104182,4,0,0,997766,1
39104.154412,4,0,0,997720,1
39104.183920,4,0,0,997720,1
39115.000401,4,0,0,997450,1
39125.497029,4,0,0,997429,1
39127.811102,4,0,0,997290,1
39130.153637,4,0,0,997230,1
39146.249014,4,0,0,997115,1
39148.202370,4,0,0,997139,1
39148.832172,4,0,0,997054,1
39154.197618,4,0,0,997147,1
39155.645444,4,0,0,997272,1
39156.538706,4,0,0,997243,1
39161.966390,4,0,0,997598,1
39162.341511,4,0,0,997608,1
39185.305149,4,0,0,997405,1
39186.576893,4,0,0,997487,1
39188.743466,4,0,0,997554,1
39201.843755,4,0,0,997760,1
39206.478710,4,0,0,997876,1
39206.524854,4,0,0,997861,1
39218.867474,4,0,0,997491,1
39220.771156,4,0,0,997447,1
39221.493963,4,0,0,997406,1
39222.903413,4,0,0,997437,1
39226.828927,4,0,0,997388,1
39233.679465,4,0,0,997271,1
39237.417131,4,0,0,997243,1
39240.579470,4,0,0,997280,1
39247.318453,4,0,0,997376,1
39260.100784,4,0,0,997378,1
39263.319684,4,0,0,997388,1
39263.802887,4,0,0,997372,1
39264.520599,4,0,0,997328,1
39277.446332,4,0,0,997453,1
39290.731491,4,0,0,997982,1
39297.011803,4,0,0,998066,1
39301.487774,4,0,0,998211,1
39311.444669,4,0,0,998212,1
39318.814250,4,0,0,998142,1
39324.979286,4,0,0,998444,1
39328.789432,4,0,0,998532,1
39334.937508,4,0,0,998482,1
39337.043187,4,0,0,998430,1
39346.321478,4,0,0,998408,1
39354.099490,4,0,0,998477,1
39357.884737,4,0,0,998398,1
39358.188039,4,0,0,998403,1
39360.670458,4,0,0,998273,1
39363.707737,4,0,0,998168,1
39364.627999,4,0,0,998110,1
39368.955383,4,0,0,998195,1
39369.121054,4,0,0,998190,1
39370.740768,4,0,0,998194,1
39371.514724,4,0,0,998143,1
39375.346621,4,0,0,998055,1
39376.043709,4,0,0,998016,1
39377.004664,4,0,0,998008,1
39391.838599,4,0,0,997873,1
39393.274609,4,0,0,997869,1
39396.801332,4,0,0,997805,1
39398.070402,4,0,0,997747,1
39398.188910,4,0,0,997765,1
39404.209449,4,0,0,997691,1
39406.383575,4,0,0,997674,1
39409.433088,4,0,0,997736,1
39409.503531,4,0,0,997751,1
39410.483311,4,0,0,997710,1
39414.362173,4,0,0,997638,1
39419.765440,4,0,0,997409,1
39424.709449,4,0,0,997344,1
39438.800511,4,0,0,997434,1
39440.951003,4,0,0,997362,1
39450.419426,4,0,0,997428,1
39457.062751,4,0,0,997467,1
39462.787487,4,0,0,997548,1
39471.661359,4,0,0,997673,1
39482.257359,4,0,0,997710,1
39487.965972,4,0,0,997683,1
39488.274031,4,0,0,997678,1
39489.280180,4,0,0,997657,1
39493.241019,4,0,0,997775,1
39497.111478,4,0,0,997808,1
39513.774145,4,0,0,997717,1
39517.760914,4,0,0,997770,1
39525.712504,4,0,0,997879,1
39530.479791,4,0,0,997886,1
39530.935121,4,0,0,997871,1
39533.060577,4,0,0,997971,1
39536.135862,4,0,0,997942,1
39536.897844,4,0,0,997973,1
39539.895690,4,0,0,998031,1
39544.130108,4,0,0,998015,1
39551.759478,4,0,0,998052,1
39556.893541,4,0,0,998153,1
39565.982299,4,0,0,998387,1
39575.377078,4,0,0,998170,1
39575.695423,4,0,0,998157,1
39588.219014,4,0,0,997906,1
39590.889097,4,0,0,997872,1
39595.604679,4,0,0,997793,1
39597.202785,4,0,0,997789,1
39598.857585,4,0,0,997851,1
39602.103979,4,0,0,997859,1
39615.896105,4,0,0,997924,1
39618.612294,4,0,0,997855,1
39634.250018,4,0,0,997986,1
39647.610123,4,0,0,998158,1
39654.867779,4,0,0,998296,1
39657.464842,4,0,0,998308,1
39659.813136,4,0,0,998251,1
39667.049669,4,0,0,998397,1
39669.514105,4,0,0,998422,1
39669.852527,4,0,0,998449,1
39679.526095,4,0,0,998466,1
39681.292411,4,0,0,998495,1
39686.581589,4,0,0,998720,1
39693.626457,4,0,0,998883,1
39699.284978,4,0,0,998883,1
39716.088596,4,0,0,999171,1
39719.491584,4,0,0,998958,1
39732.641746,4,0,0,998896,1
39732.867559,4,0,0,998912,1
39735.788390,4,0,0,998966,1
39739.472249,4,0,0,998898,1
39743.743625,4,0,0,998957,1
39744.970639,4,0,0,999132,1
39752.909443,4,0,0,999032,1
39763.707038,4,0,0,999109,1
39777.835434,4,0,0,998756,1
39780.025686,4,0,0,998736,1
39803.808479,4,0,0,998623,1
39806.125769,4,0,0,998658,1
39807.539352,4,0,0,998524,1
39813.469524,4,0,0,998524,1
39813.619911,4,0,0,998551,1
39814.692949,4,0,0,998576,1
39815.368205,4,0,0,998579,1
39817.222911,4,0,0,998600,1
39827.967305,4,0,0,998405,1
39828.649321,4,0,0,998367,1
39846.211267,4,0,0,998742,1
39852.953669,4,0,0,998692,1
39861.206002,4,0,0,998563,1
39864.277444,4,0,0,998646,1
39877.363157,4,0,0,998443,1
39881.791303,4,0,0,998468,1
39892.936677,4,0,0,998359,1
39894.846578,4,0,0,998354,1
39910.261568,4,0,0,998096,1
39928.936719,4,0,0,997675,1
39931.410879,4,0,0,997689,1
39932.261398,4,0,0,997607,1
39949.753874,4,0,0,997632,1
39951.072349,4,0,0,997657,1
39958.758910,4,0,0,997663,1
39972.365115,4,0,0,997911,1
39972.480137,4,0,0,997896,1
39978.674179,4,0,0,997915,1
39978.986851,4,0,0,997971,1
39982.533160,4,0,0,998033,1
39991.787263,4,0,0,997999,1
39992.189802,4,0,0,998030,1
39993.328451,4,0,0,997977,1
40000.664171,4,0,0,997870,1
40006.478912,4,0,0,997930,1
40013.322508,4,0,0,998034,1
40016.789038,4,0,0,998024,1
40018.317384,4,0,0,998071,1
40020.315661,4,0,0,997979,1
40026.364132,4,0,0,998019,1
40047.556331,4,0,0,998498,1
40049.324150,4,0,0,998456,1
40050.586405,4,0,0,998554,1
40052.443767,4,0,0,998513,1
40052.805029,4,0,0,998530,1
40053.727586,4,0,0,998560,1
40062.073423,4,0,0,998653,1
40062.642827,4,0,0,998618,1
40063.459827,4,0,0,998614,1
40072.214891,4,0,0,998519,1
40073.520591,4,0,0,998540,1
40087.373049,4,0,0,998551,1
40089.053674,4,0,0,998574,1
40090.012740,4,0,0,998615,1
40092.487003,4,0,0,998672,1
40092.519323,4,0,0,998675,1
40095.147883,4,0,0,998697,1
40098.925891,4,0,0,998596,1
40117.086093,4,0,0,998608,1
40123.162855,4,0,0,998483,1
40125.493095,4,0,0,998495,1
40127.709658,4,0,0,998452,1
40130.283173,4,0,0,998479,1
40131.538487,4,0,0,998526,1
40132.437302,4,0,0,998539,1
40133.368546,4,0,0,998618,1
40140.827725,4,0,0,998515,1
40164.428619,4,0,0,997952,1
40167.854929,4,0,0,997857,1
40169.453196,4,0,0,997854,1
40173.736105,4,0,0,997893,1
40174.599646,4,0,0,997817,1
40178.578484,4,0,0,997896,1
40180.398013,4,0,0,998049,1
40187.302951,4,0,0,998012,1
40204.340213,4,0,0,998120,1
40224.035488,4,0,0,998007,1
40224.349624,4,0,0,998041,1
40225.419276,4,0,0,998065,1
40226.757088,4,0,0,997954,1
40242.352938,4,0,0,997737,1
40248.927212,4,0,0,997733,1
40249.782224,4,0,0,997706,1
40249.911281,4,0,0,997690,1
40251.923472,4,0,0,997501,1
40253.334517,4,0,0,997476,1
40262.072690,4,0,0,997508,1
40276.057757,4,0,0,997218,1
40277.511816,4,0,0,997294,1
40285.282650,4,0,0,997330,1
40287.087510,4,0,0,997352,1
40289.736205,4,0,0,997275,1
40289.738304,4,0,0,997273,1
40294.648155,4,0,0,997320,1
40294.955458,4,0,0,997295,1
40298.195523,4,0,0,997241,1
40298.996119,4,0,0,997269,1
40308.360148,4,0,0,997410,1
40309.400538,4,0,0,997355,1
40312.347265,4,0,0,997476,1
40316.121585,4,0,0,997357,1
40318.376185,4,0,0,997151,1
40319.069025,4,0,0,997166,1
40320.168337,4,0,0,997100,1
40323.751963,4,0,0,997132,1
40324.177715,4,0,0,997094,1
40334.169798,4,0,0,996828,1
40342.386646,4,0,0,996697,1
40342.859988,4,0,0,996770,1
40343.253550,4,0,0,996798,1
40346.331224,4,0,0,996833,1
40346.503539,4,0,0,996905,1
40370.127698,4,0,0,997085,1
40370.626489,4,0,0,997057,1
40374.213903,4,0,0,996927,1
40377.580656,4,0,0,996920,1
40381.659296,4,0,0,996893,1
40384.004466,4,0,0,996836,1
40387.654340,4,0,0,996855,1
40390.208424,4,0,0,996810,1
40390.641025,4,0,0,996825,1
40391.235267,4,0,0,996775,1
40403.793151,4,0,0,996604,1
40406.300126,4,0,0,996550,1
40411.843013,4,0,0,996393,1
40420.840091,4,0,0,996492,1
40421.431544,4,0,0,996483,1
40422.120838,4,0,0,996500,1
40427.153830,4,0,0,996338,1
40428.834394,4,0,0,996233,1
40432.015226,4,0,0,996243,1
40434.736570,4,0,0,996043,1
40436.698219,4,0,0,996091,1
40443.364285,4,0,0,995912,1
40449.973720,4,0,0,996075,1
40450.881962,4,0,0,996066,1
40453.740524,4,0,0,996197,1
40464.246025,4,0,0,996321,1
40478.131063,4,0,0,996362,1
40480.507628,4,0,0,996360,1
40489.251015,4,0,0,996482,1
40491.278031,4,0,0,996461,1
40492.001816,4,0,0,996413,1
40498.383333,4,0,0,996565,1
40501.362106,4,0,0,996537,1
40501.529397,4,0,0,996534,1
40504.639006,4,0,0,996597,1
40506.015499,4,0,0,996665,1
40508.680767,4,0,0,996706,1
40510.613291,4,0,0,996670,1
40516.604789,4,0,0,996716,1
40517.167677,4,0,0,996718,1
40520.932176,4,0,0,996705,1
40523.185368,4,0,0,996604,1
40526.084821,4,0,0,996546,1
40531.097470,4,0,0,996553,1
40534.458851,4,0,0,996606,1
40538.255899,4,0,0,996572,1
40544.176828,4,0,0,996653,1
40546.412605,4,0,0,996680,1
40552.673921,4,0,0,996865,1
40558.199969,4,0,0,996741,1
40560.026914,4,0,0,996842,1
40564.894139,4,0,0,996865,1
40567.809824,4,0,0,996913,1
40569.936821,4,0,0,996974,1
40575.281325,4,0,0,996789,1
40576.177254,4,0,0,996760,1
40577.042816,4,0,0,996740,1
40578.846555,4,0,0,996621,1
40588.722761,4,0,0,996934,1
40589.892571,4,0,0,996890,1
40593.151456,4,0,0,997061,1
40606.522912,4,0,0,996974,1
40606.718073,4,0,0,996973,1
40611.135551,4,0,0,997037,1
40616.714178,4,0,0,997213,1
40617.862910,4,0,0,997237,1
40634.891655,4,0,0,997509,1
40636.176072,4,0,0,997571,1
40639.609592,4,0,0,997434,1
40643.464909,4,0,0,997362,1
40646.805982,4,0,0,997531,1
40654.751799,4,0,0,997941,1
40659.167275,4,0,0,997869,1
40662.278534,4,0,0,997870,1
40664.317797,4,0,0,997774,1
40673.713551,4,0,0,997781,1
40676.337408,4,0,0,997699,1
40676.675701,4,0,0,997709,1
40677.528364,4,0,0,997750,1
40683.517488,4,0,0,997728,1
40684.900223,4,0,0,997757,1
40688.518147,4,0,0,997727,1
40698.284761,4,0,0,997871,1
40698.692062,4,0,0,997887,1
40699.520911,4,0,0,997894,1
40715.325317,4,0,0,998356,1
40727.567175,4,0,0,998471,1
40740.954298,4,0,0,998640,1
40742.849532,4,0,0,998651,1
40744.778717,4,0,0,998547,1
40747.162127,4,0,0,998519,1
40758.278849,4,0,0,998381,1
40759.008162,4,0,0,998282,1
40762.507555,4,0,0,998274,1
40763.970358,4,0,0,998330,1
40765.482025,4,0,0,998244,1
40765.845235,4,0,0,998284,1
40768.240627,4,0,0,998394,1
40768.522542,4,0,0,998344,1
40771.462434,4,0,0,998346,1
40777.340122,4,0,0,998189,1
40778.968500,4,0,0,998218,1
40780.961487,4,0,0,998144,1
40781.352570,4,0,0,998186,1
40795.604361,4,0,0,998314,1
40795.969684,4,0,0,998291,1
40802.978565,4,0,0,998417,1
40808.145988,4,0,0,998478,1
40809.060428,4,0,0,998483,1
40809.587159,4,0,0,998458,1
40810.991885,4,0,0,998451,1
40812.216312,4,0,0,998434,1
40815.071335,4,0,0,998526,1
40817.022469,4,0,0,998600,1
40817.884508,4,0,0,998628,1
40822.992524,4,0,0,998685,1
40823.286584,4,0,0,998713,1
40824.656569,4,0,0,998697,1
40831.698451,4,0,0,998676,1
40841.925392,4,0,0,998963,1
40849.477151,4,0,0,998868,1
40855.818669,4,0,0,999029,1
40856.593501,4,0,0,999053,1
40865.318817,4,0,0,998911,1
40865.605335,4,0,0,998891,1
40867.474219,4,0,0,998858,1
40871.760603,4,0,0,998918,1
40880.253734,4,0,0,998820,1
40888.967778,4,0,0,998777,1
40890.107065,4,0,0,998772,1
40890.326419,4,0,0,998784,1
40891.660251,4,0,0,998765,1
40895.346922,4,0,0,998841,1
40907.952965,4,0,0,998878,1
40915.190126,4,0,0,998962,1
40917.703450,4,0,0,998937,1
40928.224448,4,0,0,998783,1
40930.042783,4,0,0,998667,1
40932.492955,4,0,0,998636,1
40945.349673,4,0,0,998558,1
40945.600580,4,0,0,998579,1
40946.754336,4,0,0,998548,1
40957.025788,4,0,0,998698,1
40961.631480,4,0,0,998828,1
40963.993594,4,0,0,998877,1
40968.660810,4,0,0,998869,1
40969.898130,4,0,0,998831,1
40972.396104,4,0,0,998888,1
40973.093598,4,0,0,998825,1
40974.743853,4,0,0,998822,1
40985.476017,4,0,0,999043,1
40988.567574,4,0,0,999093,1
41005.428275,4,0,0,999134,1
41009.945331,4,0,0,999049,1
41016.268399,4,0,0,999121,1
41017.380760,4,0,0,999160,1
41029.467872,4,0,0,999332,1
41030.259141,4,0,0,999310,1
41036.424293,4,0,0,999314,1
41042.286932,4,0,0,999657,1
41042.653963,4,0,0,999669,1
41046.928775,4,0,0,999718,1
41051.341720,4,0,0,999671,1
41060.244132,4,0,0,999615,1
41064.130052,4,0,0,999423,1
41075.116233,4,0,0,999529,1
41082.354481,4,0,0,999650,1
41082.558398,4,0,0,999663,1
41087.911502,4,0,0,999584,1
41091.615113,4,0,0,999625,1
41094.994347,4,0,0,999499,1
41103.691898,4,0,0,999704,1
41106.408242,4,0,0,999790,1
41110.145486,4,0,0,999665,1
41121.021942,4,0,0,999514,1
41122.930461,4,0,0,999438,1
41132.643560,4,0,0,999160,1
41132.648295,4,0,0,999163,1
41133.773729,4,0,0,999153,1
41140.961537,4,0,0,999073,1
41144.635944,4,0,0,999033,1
41148.013943,4,0,0,998958,1
41154.748778,4,0,0,999164,1
41155.627873,4,0,0,999143,1
41158.666762,4,0,0,999086,1
41160.305984,4,0,0,999013,1
41169.077049,4,0,0,998852,1
41170.147688,4,0,0,998837,1
41170.162573,4,0,0,998842,1
41174.927967,4,0,0,998968,1
41175.450537,4,0,0,999025,1
41176.479248,4,0,0,998978,1
41179.806870,4,0,0,998968,1
41181.933533,4,0,0,998848,1
41186.351595,4,0,0,998729,1
41193.506671,4,0,0,998466,1
41211.169147,4,0,0,998543,1
41215.596203,4,0,0,998571,1
41217.453647,4,0,0,998646,1
41218.966537,4,0,0,998594,1
41221.910050,4,0,0,998493,1
41227.786293,4,0,0,998636,1
41234.275193,4,0,0,998661,1
41235.840390,4,0,0,998685,1
41236.132524,4,0,0,998697,1
41247.986014,4,0,0,998605,1
41252.179932,4,0,0,998544,1
41252.928930,4,0,0,998575,1
41255.786108,4,0,0,998552,1
41256.033663,4,0,0,998522,1
41258.419398,4,0,0,998519,1
41261.094199,4,0,0,998648,1
41262.655222,4,0,0,998652,1
41266.183682,4,0,0,998701,1
41266.850815,4,0,0,998712,1
41266.940624,4,0,0,998710,1
41282.151431,4,0,0,998507,1
41286.829074,4,0,0,998471,1
41294.937255,4,0,0,998480,1
41298.347507,4,0,0,998396,1
41302.360416,4,0,0,998403,1
41302.882267,4,0,0,998440,1
41306.696701,4,0,0,998380,1
41311.738665,4,0,0,998526,1
41321.884074,4,0,0,998396,1
41324.460076,4,0,0,998528,1
41326.127741,4,0,0,998431,1
41327.416713,4,0,0,998343,1
41336.096730,4,0,0,998293,1
41342.069298,4,0,0,998163,1
41354.512326,4,0,0,997944,1
41357.291825,4,0,0,997989,1
41361.438624,4,0,0,998076,1
41362.449466,4,0,0,998152,1
41365.372598,4,0,0,998147,1
41370.293261,4,0,0,998208,1
41373.005239,4,0,0,998284,1
41378.771739,4,0,0,998371,1
41386.748836,4,0,0,998269,1
41393.898872,4,0,0,998449,1
41408.926066,4,0,0,998506,1
41409.117160,4,0,0,998496,1
41410.223223,4,0,0,998451,1
41416.237021,4,0,0,998357,1
41416.480381,4,0,0,998351,1
41419.242550,4,0,0,998343,1
41423.863388,4,0,0,998312,1
41440.110798,4,0,0,998530,1
41450.003521,4,0,0,998519,1
41455.118173,4,0,0,998610,1
41460.597717,4,0,0,998531,1
41470.722387,4,0,0,998750,1
41471.414729,4,0,0,998766,1
41475.822597,4,0,0,998852,1
41476.394190,4,0,0,998725,1
41480.089399,4,0,0,998887,1
41480.382996,4,0,0,998919,1
41485.167781,4,0,0,998935,1
41495.136475,4,0,0,999001,1
41500.191550,4,0,0,998966,1
41506.736289,4,0,0,998912,1
41510.474788,4,0,0,998792,1
41512.814897,4,0,0,998720,1
41515.796741,4,0,0,998777,1
41518.964240,4,0,0,998747,1
41519.543767,4,0,0,998761,1
41520.969038,4,0,0,998667,1
41524.851391,4,0,0,998548,1
41529.369141,4,0,0,998781,1
41533.075209,4,0,0,998817,1
41544.492258,4,0,0,998739,1
41546.179751,4,0,0,998806,1
41553.897902,4,0,0,998853,1
41556.184485,4,0,0,998844,1
41564.398105,4,0,0,998702,1
41578.696400,4,0,0,998722,1
41580.519814,4,0,0,998678,1
41584.276142,4,0,0,998682,1
41587.494370,4,0,0,998689,1
41588.146654,4,0,0,998708,1
41588.150834,4,0,0,998704,1
41588.656925,4,0,0,998709,1
41595.406699,4,0,0,998712,1
41595.656429,4,0,0,998711,1
41596.627973,4,0,0,998736,1
41598.274991,4,0,0,998683,1
41599.317936,4,0,0,998591,1
41614.587568,4,0,0,998488,1
41617.780317,4,0,0,998411,1
41620.385639,4,0,0,998343,1
41621.654316,4,0,0,998350,1
41625.337377,4,0,0,998465,1
41631.094319,4,0,0,998519,1
41631.192774,4,0,0,998505,1
41635.188871,4,0,0,998733,1
41643.580793,4,0,0,998727,1
41644.265870,4,0,0,998741,1
41648.989105,4,0,0,998744,1
41653.768136,4,0,0,998769,1
41654.630841,4,0,0,998907,1
41656.318701,4,0,0,998909,1
41657.328276,4,0,0,998929,1
41665.113143,4,0,0,999049,1
41671.001650,4,0,0,998941,1
41676.498294,4,0,0,999060,1
41678.641645,4,0,0,999065,1
41681.519617,4,0,0,999037,1
41684.632423,4,0,0,999102,1
41685.632001,4,0,0,999051,1
41689.872805,4,0,0,999266,1
41690.754003,4,0,0,999252,1
41695.051543,4,0,0,999364,1
41715.302329,4,0,0,999093,1
41715.655746,4,0,0,999088,1
41718.147637,4,0,0,999114,1
41720.051847,4,0,0,999152,1
41723.895797,4,0,0,999186,1
41728.575322,4,0,0,999315,1
41732.116739,4,0,0,999472,1
41735.454723,4,0,0,999441,1
41743.883196,4,0,0,999690,1
41754.028316,4,0,0,999493,1
41755.221037,4,0,0,999616,1
41761.828228,4,0,0,999483,1
41764.946672,4,0,0,999511,1
41765.959449,4,0,0,999550,1
41766.465665,4,0,0,999602,1
41768.573235,4,0,0,999616,1
41768.898057,4,0,0,999573,1
41773.799221,4,0,0,999624,1
41774.932098,4,0,0,999550,1
41779.346074,4,0,0,999398,1
41781.054604,4,0,0,999463,1
41782.222392,4,0,0,999389,1
41786.848715,4,0,0,999427,1
41788.175224,4,0,0,999483,1
41798.949490,4,0,0,999704,1
41800.269209,4,0,0,999643,1
41800.544538,4,0,0,999631,1
41801.776555,4,0,0,999607,1
41804.123120,4,0,0,999647,1
41806.564916,4,0,0,999632,1
41808.913277,4,0,0,999704,1
41812.265137,4,0,0,999870,1
41813.677799,4,0,0,999902,1
41818.219581,4,0,0,999826,1
41821.032814,4,0,0,999902,1
41829.610028,4,0,0,1000058,1
41834.044995,4,0,0,1000099,1
41840.141149,4,0,0,1000199,1
41842.590556,4,0,0,1000228,1
41862.967968,4,0,0,1000213,1
41873.403010,4,0,0,1000125,1
41882.137041,4,0,0,1000152,1
41884.159100,4,0,0,1000227,1
41894.542248,4,0,0,1000040,1
41900.111879,4,0,0,1000158,1
41901.963804,4,0,0,1000223,1
41903.536298,4,0,0,1000189,1
41903.882817,4,0,0,1000153,1
41910.934370,4,0,0,1000024,1
41916.167628,4,0,0,1000176,1
41925.057351,4,0,0,1000174,1
41925.197948,4,0,0,1000211,1
41926.128465,4,0,0,1000208,1
41933.705757,4,0,0,1000294,1
41934.781104,4,0,0,1000282,1
41935.015121,4,0,0,1000245,1
41942.143361,4,0,0,1000324,1
41942.378247,4,0,0,1000351,1
41946.432633,4,0,0,1000246,1
41964.716966,4,0,0,1000011,1
41965.707848,4,0,0,999962,1
41968.697717,4,0,0,1000005,1
41972.317330,4,0,0,1000041,1
41972.610637,4,0,0,1000041,1
41974.012758,4,0,0,1000045,1
41983.880014,4,0,0,1000091,1
41996.486720,4,0,0,1000231,1
41996.639878,4,0,0,1000212,1
42002.500681,4,0,0,1000005,1
42012.833688,4,0,0,1000214,1
42015.042139,4,0,0,1000191,1
42020.455463,4,0,0,1000247,1
42024.139434,4,0,0,1000267,1
42031.424611,4,0,0,1000131,1
42039.732694,4,0,0,1000105,1
42045.767360,4,0,0,1000066,1
42048.331815,4,0,0,1000125,1
42049.889450,4,0,0,1000035,1
42050.481013,4,0,0,1000081,1
42050.613770,4,0,0,1000102,1
42061.680803,4,0,0,1000094,1
42071.996417,4,0,0,1000010,1
42073.643003,4,0,0,999922,1
42076.500490,4,0,0,999987,1
42076.719197,4,0,0,999959,1
42078.366256,4,0,0,999994,1
42081.126884,4,0,0,1000192,1
42086.104521,4,0,0,1000317,1
42088.974255,4,0,0,1000223,1
42094.532758,4,0,0,999981,1
42094.832893,4,0,0,999970,1
42107.338886,4,0,0,999738,1
42122.298323,4,0,0,999641,1
42125.394635,4,0,0,999519,1
42129.507111,4,0,0,999373,1
42136.383938,4,0,0,999403,1
42141.448279,4,0,0,999454,1
42146.974851,4,0,0,999487,1
42149.309061,4,0,0,999422,1
42150.828749,4,0,0,999446,1
42156.160986,4,0,0,999518,1
42178.113778,4,0,0,999404,1
42178.695098,4,0,0,999344,1
42179.508129,4,0,0,999288,1
42183.028987,4,0,0,999262,1
42186.472506,4,0,0,999213,1
42189.958644,4,0,0,999252,1
42190.226543,4,0,0,999247,1
42193.673912,4,0,0,999275,1
42194.630259,4,0,0,999227,1
42199.333659,4,0,0,999300,1
42200.092910,4,0,0,999244,1
42202.732399,4,0,0,999219,1
42213.785104,4,0,0,999475,1
42215.182027,4,0,0,999564,1
42225.669185,4,0,0,999644,1
42231.045446,4,0,0,999626,1
42239.644032,4,0,0,999453,1
42241.400242,4,0,0,999518,1
42257.741133,4,0,0,999086,1
42262.412585,4,0,0,999252,1
42265.807568,4,0,0,999391,1
42273.129662,4,0,0,999645,1
42278.961228,4,0,0,999396,1
42280.109531,4,0,0,999360,1
42283.740420,4,0,0,999407,1
42284.346888,4,0,0,999413,1
42286.293180,4,0,0,999293,1
42289.568866,4,0,0,999349,1
42291.770221,4,0,0,999410,1
42293.455956,4,0,0,999382,1
42298.312650,4,0,0,999435,1
42298.360847,4,0,0,999438,1
42308.105748,4,0,0,999433,1
42312.984417,4,0,0,999413,1
42317.721893,4,0,0,999366,1
42321.073488,4,0,0,999265,1
42322.738685,4,0,0,999211,1
42327.231892,4,0,0,999304,1
42328.317618,4,0,0,999326,1
42333.897868,4,0,0,999259,1
42336.005268,4,0,0,999198,1
42336.538853,4,0,0,999164,1
42345.606549,4,0,0,998941,1
42364.201131,4,0,0,998992,1
42374.781365,4,0,0,998843,1
42375.985490,4,0,0,998907,1
42382.839591,4,0,0,998859,1
42388.281440,4,0,0,998890,1
42396.378837,4,0,0,998896,1
42396.688387,4,0,0,998883,1
42400.800238,4,0,0,998798,1
42401.021264,4,0,0,998774,1
42402.879211,4,0,0,998685,1
42408.490394,4,0,0,998791,1
42414.238750,4,0,0,998706,1
42421.333975,4,0,0,998641,1
42429.548792,4,0,0,998655,1
42432.046969,4,0,0,998674,1
42441.560288,4,0,0,998575,1
42447.508893,4,0,0,998554,1
42450.693408,4,0,0,998665,1
42457.551075,4,0,0,998764,1
42459.772709,4,0,0,998739,1
42460.712761,4,0,0,998770,1
42466.415637,4,0,0,998801,1
42468.048861,4,0,0,998844,1
42468.810124,4,0,0,998813,1
42469.900815,4,0,0,998775,1
42477.325846,4,0,0,998698,1
42479.272552,4,0,0,998770,1
42479.452442,4,0,0,998794,1
42480.987693,4,0,0,998802,1
42491.657537,4,0,0,998644,1
42496.723221,4,0,0,998684,1
42496.733641,4,0,0,998686,1
42505.569619,4,0,0,998420,1
42506.015332,4,0,0,998441,1
42510.731961,4,0,0,998410,1
42521.502195,4,0,0,998233,1
42522.269463,4,0,0,998210,1
42522.378324,4,0,0,998219,1
42545.258296,4,0,0,997980,1
42551.414908,4,0,0,998073,1
42553.311328,4,0,0,998164,1
42564.400338,4,0,0,997935,1
42566.284021,4,0,0,997902,1
42568.796099,4,0,0,997886,1
42569.634202,4,0,0,997852,1
42570.589210,4,0,0,997845,1
42572.228595,4,0,0,997852,1
42580.529896,4,0,0,997945,1
42586.449632,4,0,0,997969,1
42591.674063,4,0,0,998064,1
42594.786702,4,0,0,997958,1
42608.923556,4,0,0,998300,1
42616.398531,4,0,0,998341,1
42617.722057,4,0,0,998252,1
42620.970873,4,0,0,998209,1
42622.122759,4,0,0,998163,1
42626.629875,4,0,0,998019,1
42633.354546,4,0,0,997992,1
42633.867150,4,0,0,998004,1
42638.818764,4,0,0,997995,1
42646.589820,4,0,0,998000,1
42653.276321,4,0,0,997969,1
42655.357944,4,0,0,998027,1
42663.659104,4,0,0,997940,1
42667.598132,4,0,0,997925,1
42670.928750,4,0,0,997819,1
42679.350151,4,0,0,997806,1
42679.364986,4,0,0,997808,1
42688.807294,4,0,0,997676,1
42695.759444,4,0,0,997737,1
42696.930330,4,0,0,997668,1
42697.564732,4,0,0,997741,1
42710.849561,4,0,0,997769,1
42711.352819,4,0,0,997722,1
42718.990960,4,0,0,997820,1
42719.446090,4,0,0,997810,1
42723.397425,4,0,0,997824,1
42725.339632,4,0,0,997808,1
42726.311921,4,0,0,997816,1
42726.587559,4,0,0,997854,1
42732.248079,4,0,0,997853,1
42740.053641,4,0,0,997815,1
42746.823855,4,0,0,998067,1
42747.644829,4,0,0,998083,1
42752.514580,4,0,0,998141,1
42754.750073,4,0,0,998199,1
42756.532620,4,0,0,998152,1
42761.769780,4,0,0,997971,1
42763.154854,4,0,0,997939,1
42764.887060,4,0,0,997935,1
42769.154197,4,0,0,997866,1
42771.037775,4,0,0,997878,1
42771.334848,4,0,0,997885,1
42773.485637,4,0,0,997822,1
42774.139844,4,0,0,997850,1
42775.979338,4,0,0,997820,1
42776.784139,4,0,0,997760,1
42796.555303,4,0,0,997814,1
42799.316932,4,0,0,997922,1
42805.684150,4,0,0,997993,1
42806.812174,4,0,0,998006,1
42808.787598,4,0,0,998036,1
42809.499630,4,0,0,997977,1
42821.084656,4,0,0,997990,1
42821.376234,4,0,0,997982,1
42821.991061,4,0,0,997967,1
42824.467181,4,0,0,997918,1
42825.170646,4,0,0,997902,1
42831.239730,4,0,0,997925,1
42836.617930,4,0,0,997963,1
42839.022194,4,0,0,997955,1
42844.517673,4,0,0,997924,1
42865.515779,4,0,0,998127,1
42866.444984,4,0,0,998109,1
42866.984147,4,0,0,998108,1
42867.570489,4,0,0,998050,1
42868.887994,4,0,0,998077,1
42872.097079,4,0,0,998201,1
42874.331633,4,0,0,998279,1
42876.999569,4,0,0,998210,1
42883.990523,4,0,0,998096,1
42894.224082,4,0,0,998145,1
42896.039530,4,0,0,998126,1
42902.654158,4,0,0,998163,1
42908.097940,4,0,0,998117,1
42910.005776,4,0,0,998131,1
42921.342010,4,0,0,998283,1
42927.820585,4,0,0,998198,1
42928.733552,4,0,0,998193,1
42936.598197,4,0,0,998178,1
42944.799776,4,0,0,998167,1
42946.194441,4,0,0,998158,1
42947.047835,4,0,0,998193,1
42949.743148,4,0,0,998216,1
42956.614156,4,0,0,997985,1
42959.898171,4,0,0,998031,1
42975.004690,4,0,0,998052,1
42979.027308,4,0,0,998169,1
42980.624761,4,0,0,998157,1
42993.839365,4,0,0,998284,1
42993.864731,4,0,0,998289,1
42999.127085,4,0,0,998173,1
43001.479515,4,0,0,998213,1
43002.157206,4,0,0,998186,1
43003.704783,4,0,0,998160,1
43028.057015,4,0,0,998186,1
43028.160288,4,0,0,998198,1
43034.353304,4,0,0,997969,1
43069.037274,4,0,0,997887,1
43070.972709,4,0,0,997853,1
43071.147279,4,0,0,997884,1
43072.219861,4,0,0,997911,1
43072.999449,4,0,0,997895,1
43083.165227,4,0,0,997920,1
43083.628146,4,0,0,997920,1
43087.387909,4,0,0,997999,1
43097.516334,4,0,0,998127,1
43101.200930,4,0,0,998124,1
43114.503009,4,0,0,998146,1
43115.509589,4,0,0,998116,1
43122.534632,4,0,0,998122,1
43124.823607,4,0,0,998199,1
43130.499640,4,0,0,998043,1
43133.023765,4,0,0,998057,1
43135.354334,4,0,0,998124,1
43137.705015,4,0,0,997979,1
43138.431600,4,0,0,997994,1
43140.848999,4,0,0,997916,1
43145.666632,4,0,0,997890,1
43146.784006,4,0,0,997844,1
43152.542477,4,0,0,998048,1
43157.099912,4,0,0,998156,1
43164.410759,4,0,0,998133,1
43177.430362,4,0,0,998120,1
43192.700955,4,0,0,998420,1
43195.682332,4,0,0,998358,1
43201.677666,4,0,0,998539,1
43208.726942,4,0,0,998572,1
43215.298506,4,0,0,998803,1
43217.563638,4,0,0,998818,1
43217.775860,4,0,0,998838,1
43218.265940,4,0,0,998855,1
43218.985717,4,0,0,998870,1
43226.451493,4,0,0,998969,1
43226.857610,4,0,0,998960,1
43227.957329,4,0,0,998954,1
43229.402449,4,0,0,998851,1
43230.616319,4,0,0,998879,1
43232.695887,4,0,0,998887,1
43232.841756,4,0,0,998912,1
43241.797610,4,0,0,998852,1
43244.406535,4,0,0,998766,1
43256.415555,4,0,0,998829,1
43259.641755,4,0,0,998881,1
43260.142226,4,0,0,998873,1
43260.646116,4,0,0,998874,1
43267.348608,4,0,0,998695,1
43267.594927,4,0,0,998678,1
43267.608971,4,0,0,998675,1
43268.009245,4,0,0,998637,1
43268.876171,4,0,0,998721,1
43288.121944,4,0,0,998688,1
43294.667924,4,0,0,998943,1
43297.028073,4,0,0,998959,1
43306.690174,4,0,0,999050,1
43311.866598,4,0,0,998933,1
43315.243040,4,0,0,999043,1
43318.436230,4,0,0,999027,1
43318.648808,4,0,0,999013,1
43319.597848,4,0,0,999035,1
43323.499448,4,0,0,999022,1
43332.503348,4,0,0,999209,1
43334.046472,4,0,0,999100,1
43345.350705,4,0,0,998920,1
43346.290047,4,0,0,998955,1
43348.721295,4,0,0,998959,1
43354.736409,4,0,0,999007,1
43355.883405,4,0,0,999063,1
43365.512317,4,0,0,998942,1
43366.597435,4,0,0,998924,1
43368.915365,4,0,0,998865,1
43370.943121,4,0,0,998944,1
43374.503246,4,0,0,999001,1
43379.339355,4,0,0,999019,1
43392.274775,4,0,0,998953,1
43393.090473,4,0,0,998978,1
43401.888120,4,0,0,999114,1
43404.096499,4,0,0,999037,1
43406.467901,4,0,0,999055,1
43422.813650,4,0,0,998990,1
43426.855701,4,0,0,998854,1
43427.401005,4,0,0,998792,1
43431.213822,4,0,0,998727,1
43431.453493,4,0,0,998711,1
43445.280707,4,0,0,998702,1
43446.378529,4,0,0,998656,1
43461.513156,4,0,0,998736,1
43466.001889,4,0,0,998798,1
43469.715058,4,0,0,998875,1
43470.574723,4,0,0,998859,1
43472.594747,4,0,0,998927,1
43490.134949,4,0,0,998551,1
43491.003287,4,0,0,998617,1
43497.045915,4,0,0,998789,1
43499.879032,4,0,0,998847,1
43501.546896,4,0,0,998834,1
43502.417098,4,0,0,998796,1
43512.571627,4,0,0,998434,1
43527.231314,4,0,0,998434,1
43527.664145,4,0,0,998439,1
43529.057161,4,0,0,998346,1
43530.403286,4,0,0,998371,1
43539.156499,4,0,0,998292,1
43542.829867,4,0,0,998450,1
43543.670275,4,0,0,998409,1
43549.251955,4,0,0,998244,1
43552.571453,4,0,0,998331,1
43557.340911,4,0,0,998181,1
43561.577599,4,0,0,998110,1
43579.474363,4,0,0,998259,1
43583.323088,4,0,0,998189,1
43586.683041,4,0,0,998102,1
43603.736626,4,0,0,998165,1
43607.895087,4,0,0,998047,1
43609.408200,4,0,0,998041,1
43616.025125,4,0,0,998001,1
43619.651067,4,0,0,997997,1
43629.534000,4,0,0,998150,1
43629.967987,4,0,0,998135,1
43648.852111,4,0,0,998068,1
43659.573332,4,0,0,997868,1
43661.642801,4,0,0,997772,1
43669.770804,4,0,0,997495,1
43686.624372,4,0,0,997618,1
43697.285255,4,0,0,997490,1
43698.111396,4,0,0,997425,1
43702.637545,4,0,0,997535,1
43705.474317,4,0,0,997594,1
43714.415152,4,0,0,997511,1
43716.981839,4,0,0,997600,1
43719.826464,4,0,0,997548,1
43720.530338,4,0,0,997547,1
43730.448104,4,0,0,997722,1
43736.850931,4,0,0,997726,1
43744.840716,4,0,0,997630,1
43749.211562,4,0,0,997650,1
43752.155638,4,0,0,997668,1
43758.407564,4,0,0,998008,1
43760.960211,4,0,0,997881,1
43765.771354,4,0,0,997796,1
43766.211912,4,0,0,997811,1
43766.778194,4,0,0,997760,1
43787.550754,4,0,0,997708,1
43792.582754,4,0,0,997784,1
43795.511181,4,0,0,997786,1
43799.880542,4,0,0,997576,1
43809.782370,4,0,0,997680,1
43815.174153,4,0,0,997499,1
43829.090690,4,0,0,997436,1
43830.108572,4,0,0,997410,1
43833.863179,4,0,0,997553,1
43841.145821,4,0,0,997327,1
43845.404400,4,0,0,997251,1
43846.757860,4,0,0,997215,1
43848.912279,4,0,0,997180,1
43851.074065,4,0,0,997267,1
43852.798418,4,0,0,997220,1
43857.831224,4,0,0,997181,1
43866.771208,4,0,0,997317,1
43871.641797,4,0,0,997425,1
43873.826744,4,0,0,997482,1
43879.362211,4,0,0,997377,1
43879.486725,4,0,0,997414,1
43889.564601,4,0,0,997600,1
43891.117762,4,0,0,997527,1
43912.797977,4,0,0,997418,1
43913.884765,4,0,0,997398,1
43914.679466,4,0,0,997404,1
43916.987207,4,0,0,997491,1
43930.802990,4,0,0,997714,1
43946.298374,4,0,0,997696,1
43946.517658,4,0,0,997705,1
43951.465250,4,0,0,997755,1
43955.562695,4,0,0,997611,1
43976.579321,4,0,0,997613,1
43981.120199,4,0,0,997562,1
43982.109682,4,0,0,997537,1
43989.202000,4,0,0,997578,1
44003.649338,4,0,0,997868,1
44012.016137,4,0,0,997947,1
44013.032807,4,0,0,997951,1
44013.134181,4,0,0,997954,1
44019.210576,4,0,0,997911,1
44024.664970,4,0,0,997894,1
44033.624461,4,0,0,997868,1
44039.001197,4,0,0,997883,1
44043.304759,4,0,0,997894,1
44059.705609,4,0,0,997794,1
44066.422562,4,0,0,998169,1
44066.968848,4,0,0,998122,1
44068.717985,4,0,0,998154,1
44074.508684,4,0,0,997929,1
44076.130354,4,0,0,997995,1
44097.463538,4,0,0,998261,1
44097.809032,4,0,0,998259,1
44117.753195,4,0,0,998161,1
44123.483204,4,0,0,998360,1
44129.423795,4,0,0,998398,1
44130.468548,4,0,0,998378,1
44132.670508,4,0,0,998419,1
44138.625091,4,0,0,998328,1
44140.808257,4,0,0,998269,1
44146.381142,4,0,0,998308,1
44149.771325,4,0,0,998300,1
44163.094676,4,0,0,998237,1
44166.288469,4,0,0,998198,1
44167.504903,4,0,0,998244,1
44170.483777,4,0,0,998356,1
44177.618709,4,0,0,998317,1
44182.859783,4,0,0,998422,1
44184.433060,4,0,0,998418,1
44185.975197,4,0,0,998465,1
44191.524619,4,0,0,998579,1
44192.469553,4,0,0,998503,1
44196.046850,4,0,0,998399,1
44213.762833,4,0,0,998246,1
44214.977332,4,0,0,998214,1
44228.579262,4,0,0,998020,1
44249.701225,4,0,0,997671,1
44258.595275,4,0,0,997699,1
44274.797891,4,0,0,997659,1
44279.307093,4,0,0,997584,1
44280.783033,4,0,0,997581,1
44286.845452,4,0,0,997654,1
44291.260120,4,0,0,997822,1
44293.553671,4,0,0,997766,1
44305.216251,4,0,0,997701,1
44306.990125,4,0,0,997653,1
44313.360011,4,0,0,997424,1
44313.603962,4,0,0,997425,1
44314.210974,4,0,0,997407,1
44318.789755,4,0,0,997438,1
44318.978209,4,0,0,997427,1
44320.876938,4,0,0,997567,1
44321.191623,4,0,0,997566,1
44329.028140,4,0,0,997545,1
44344.276834,4,0,0,997756,1
44350.879417,4,0,0,997654,1
44352.390593,4,0,0,997675,1
44357.138080,4,0,0,997712,1
44362.427223,4,0,0,997685,1
44367.891752,4,0,0,997514,1
44368.024670,4,0,0,997524,1
44372.104248,4,0,0,997633,1
44377.025235,4,0,0,997649,1
44378.521513,4,0,0,997644,1
44383.479806,4,0,0,997584,1
44384.608549,4,0,0,997637,1
44388.270316,4,0,0,997647,1
44392.318798,4,0,0,997572,1
44401.732231,4,0,0,997502,1
44401.925626,4,0,0,997497,1
44404.158008,4,0,0,997437,1
44406.870161,4,0,0,997467,1
44407.169181,4,0,0,997447,1
44416.194548,4,0,0,997580,1
44417.141477,4,0,0,997649,1
44419.562924,4,0,0,997486,1
44420.651318,4,0,0,997497,1
44423.206526,4,0,0,997564,1
44427.181005,4,0,0,997652,1
44428.273876,4,0,0,997670,1
44430.653596,4,0,0,997700,1
44452.318845,4,0,0,997299,1
44458.984890,4,0,0,997304,1
44469.032680,4,0,0,997159,1
44474.623094,4,0,0,997073,1
44475.345059,4,0,0,997094,1
44476.121354,4,0,0,997045,1
44476.783678,4,0,0,997068,1
44478.504101,4,0,0,997170,1
44488.739034,4,0,0,997331,1
44491.054810,4,0,0,997484,1
44493.131829,4,0,0,997385,1
44493.676192,4,0,0,997350,1
44494.612694,4,0,0,997370,1
44507.495981,4,0,0,997508,1
44517.883465,4,0,0,997398,1
44518.276684,4,0,0,997448,1
44519.982795,4,0,0,997423,1
44525.723513,4,0,0,997508,1
44525.734845,4,0,0,997512,1
44527.745043,4,0,0,997555,1
44541.510410,4,0,0,997580,1
44542.219017,4,0,0,997518,1
44547.007851,4,0,0,997357,1
44548.360871,4,0,0,997405,1
44553.302347,4,0,0,997359,1
44559.918525,4,0,0,997427,1
44562.860013,4,0,0,997395,1
44567.132897,4,0,0,997498,1
44573.515920,4,0,0,997414,1
44574.193045,4,0,0,997441,1
44577.254536,4,0,0,997475,1
44579.512129,4,0,0,997502,1
44583.459506,4,0,0,997476,1
44587.857940,4,0,0,997483,1
44592.287686,4,0,0,997607,1
44595.142636,4,0,0,997639,1
44598.952529,4,0,0,997626,1
44606.052638,4,0,0,997707,1
44607.010040,4,0,0,997706,1
44618.270539,4,0,0,997435,1
44626.622789,4,0,0,997381,1
44628.027683,4,0,0,997345,1
44631.581959,4,0,0,997453,1
44639.154895,4,0,0,997337,1
44645.350078,4,0,0,997328,1
44646.273949,4,0,0,997352,1
44662.245817,4,0,0,997643,1
44671.759790,4,0,0,997570,1
44673.060346,4,0,0,997594,1
44677.165251,4,0,0,997411,1
44696.045897,4,0,0,997235,1
44696.242680,4,0,0,997272,1
44698.359818,4,0,0,997244,1
44700.095530,4,0,0,997220,1
44701.420506,4,0,0,997169,1
44706.642803,4,0,0,997284,1
44715.578926,4,0,0,997333,1
44716.413561,4,0,0,997392,1
44718.046810,4,0,0,997285,1
44719.711831,4,0,0,997393,1
44721.884773,4,0,0,997334,1
44722.510563,4,0,0,997342,1
44727.569199,4,0,0,997319,1
44730.123587,4,0,0,997242,1
44738.680086,4,0,0,997023,1
44743.745377,4,0,0,997058,1
44759.212496,4,0,0,996796,1
44759.985918,4,0,0,996822,1
44761.676011,4,0,0,996834,1
44763.356458,4,0,0,996825,1
44765.334884,4,0,0,996808,1
44767.005491,4,0,0,996892,1
44774.590754,4,0,0,996921,1
44779.756335,4,0,0,996783,1
44780.019927,4,0,0,996817,1
44780.489159,4,0,0,996798,1
44786.170368,4,0,0,996388,1
44792.797285,4,0,0,996484,1
44807.496849,4,0,0,996391,1
44815.926349,4,0,0,996698,1
44818.938608,4,0,0,996668,1
44821.022280,4,0,0,996685,1
44831.424353,4,0,0,996587,1
44836.998524,4,0,0,996704,1
44847.760229,4,0,0,996495,1
44848.975515,4,0,0,996420,1
44856.198219,4,0,0,996317,1
44886.590835,4,0,0,996694,1
44886.954137,4,0,0,996726,1
44888.380156,4,0,0,996775,1
44889.235941,4,0,0,996781,1
44894.958496,4,0,0,996920,1
44900.420428,4,0,0,996883,1
44900.912057,4,0,0,996954,1
44904.903352,4,0,0,996965,1
44926.189873,4,0,0,996782,1
44932.719294,4,0,0,997090,1
44946.828219,4,0,0,996712,1
44948.360204,4,0,0,996820,1
44956.637844,4,0,0,996889,1
44965.127385,4,0,0,996930,1
44965.671507,4,0,0,996923,1
44975.036864,4,0,0,997000,1
44979.110487,4,0,0,997071,1
44980.801894,4,0,0,997092,1
44981.468768,4,0,0,997092,1
44984.022228,4,0,0,997104,1
44992.064656,4,0,0,997149,1
44993.141214,4,0,0,997064,1
44999.309451,4,0,0,997001,1
45000.605638,4,0,0,996987,1
45002.713659,4,0,0,996962,1
45007.670825,4,0,0,996902,1
45009.525771,4,0,0,997014,1
45009.843891,4,0,0,997012,1
45012.459334,4,0,0,997043,1
45012.801751,4,0,0,997021,1
45013.076573,4,0,0,997033,1
45014.386152,4,0,0,997049,1
45027.506067,4,0,0,997014,1
45031.688217,4,0,0,997152,1
45042.442353,4,0,0,997130,1
45046.932117,4,0,0,997087,1
45062.978539,4,0,0,997289,1
45064.495245,4,0,0,997276,1
45069.166275,4,0,0,997141,1
45071.792985,4,0,0,997054,1
45073.085213,4,0,0,997016,1
45077.009259,4,0,0,997055,1
45102.681805,4,0,0,997072,1
45108.927216,4,0,0,997089,1
45109.680592,4,0,0,997131,1
45111.501950,4,0,0,997229,1
45126.153886,4,0,0,997323,1
45137.874903,4,0,0,997589,1
45151.551237,4,0,0,997793,1
45160.287426,4,0,0,997852,1
45163.224641,4,0,0,997803,1
45164.184651,4,0,0,997740,1
45166.868262,4,0,0,997812,1
45185.319212,4,0,0,997233,1
45185.533652,4,0,0,997210,1
45191.127404,4,0,0,997298,1
45192.702727,4,0,0,997331,1
45200.986847,4,0,0,997204,1
45201.716631,4,0,0,997228,1
45204.664203,4,0,0,997240,1
45223.913217,4,0,0,997269,1
45226.571907,4,0,0,997344,1
45226.938401,4,0,0,997337,1
45227.996007,4,0,0,997340,1
45233.838104,4,0,0,997457,1
45234.663365,4,0,0,997481,1
45246.196986,4,0,0,997487,1
45266.299693,4,0,0,997522,1
45270.926997,4,0,0,997395,1
45273.514547,4,0,0,997359,1
45274.466345,4,0,0,997381,1
45278.269749,4,0,0,997433,1
45297.035952,4,0,0,997516,1
45303.344699,4,0,0,997351,1
45305.366681,4,0,0,997312,1
45316.219494,4,0,0,997724,1
45316.820671,4,0,0,997752,1
45324.707063,4,0,0,997747,1
45326.180848,4,0,0,997761,1
45326.437214,4,0,0,997720,1
45333.923834,4,0,0,997755,1
45337.580694,4,0,0,997708,1
45353.521219,4,0,0,997698,1
45354.530363,4,0,0,997714,1
45354.581446,4,0,0,997709,1
45358.524685,4,0,0,997832,1
45362.179517,4,0,0,997684,1
45367.619043,4,0,0,997570,1
45375.906243,4,0,0,997361,1
45382.046173,4,0,0,997267,1
45406.161651,4,0,0,997413,1
45411.870500,4,0,0,997473,1
45425.958388,4,0,0,997493,1
45426.453582,4,0,0,997543,1
45446.528845,4,0,0,997725,1
45451.324240,4,0,0,997672,1
45452.863189,4,0,0,997772,1
45455.322226,4,0,0,997611,1
45458.336286,4,0,0,997521,1
45458.509073,4,0,0,997524,1
45463.265853,4,0,0,997553,1
45463.619540,4,0,0,997574,1
45464.146799,4,0,0,997600,1
45468.789625,4,0,0,997522,1
45470.359872,4,0,0,997629,1
45479.783501,4,0,0,997593,1
45483.822347,4,0,0,997629,1
45484.852538,4,0,0,997541,1
45485.575990,4,0,0,997603,1
45495.373570,4,0,0,997340,1
45500.015182,4,0,0,997381,1
45507.002335,4,0,0,997482,1
45534.770963,4,0,0,997292,1
45535.267240,4,0,0,997266,1
45546.256999,4,0,0,997260,1
45552.716084,4,0,0,997206,1
45556.318035,4,0,0,997114,1
45557.334258,4,0,0,997227,1
45558.034286,4,0,0,997199,1
45559.090203,4,0,0,997172,1
45560.536703,4,0,0,997162,1
45561.197147,4,0,0,997131,1
45572.532511,4,0,0,996821,1
45579.167267,4,0,0,996825,1
45579.338266,4,0,0,996814,1
45581.299129,4,0,0,996848,1
45583.472986,4,0,0,996732,1
45592.844222,4,0,0,996637,1
45593.999874,4,0,0,996649,1
45597.291197,4,0,0,996697,1
45604.329626,4,0,0,996416,1
45608.649171,4,0,0,996483,1
45610.420777,4,0,0,996511,1
45617.103972,4,0,0,996639,1
45618.361675,4,0,0,996700,1
45618.690868,4,0,0,996695,1
45623.949024,4,0,0,996478,1
45624.597805,4,0,0,996489,1
45625.963834,4,0,0,996449,1
45641.274598,4,0,0,996474,1
45651.179930,4,0,0,996517,1
45652.268539,4,0,0,996580,1
45659.100623,4,0,0,996516,1
45659.597800,4,0,0,996553,1
45661.339783,4,0,0,996534,1
45669.081928,4,0,0,996516,1
45670.422465,4,0,0,996434,1
45670.778765,4,0,0,996441,1
45670.830451,4,0,0,996424,1
45673.341162,4,0,0,996482,1
45681.733974,4,0,0,996645,1
45700.800038,4,0,0,996456,1
45705.955862,4,0,0,996629,1
45716.421003,4,0,0,996733,1
45720.414955,4,0,0,996714,1
45722.036266,4,0,0,996839,1
45730.879871,4,0,0,996800,1
45734.707774,4,0,0,996679,1
45746.619719,4,0,0,996923,1
45749.117056,4,0,0,996896,1
45750.116251,4,0,0,996862,1
45755.696144,4,0,0,996842,1
45756.647313,4,0,0,996896,1
45763.716262,4,0,0,996974,1
45769.698403,4,0,0,997094,1
45770.065718,4,0,0,997051,1
45771.931241,4,0,0,997051,1
45776.032828,4,0,0,996907,1
45776.108677,4,0,0,996890,1
45781.832120,4,0,0,997044,1
45782.418958,4,0,0,996986,1
45783.201642,4,0,0,996962,1
45783.509119,4,0,0,996994,1
45785.443538,4,0,0,997059,1
45789.688006,4,0,0,996842,1
45796.262480,4,0,0,996891,1
45802.783091,4,0,0,996652,1
45803.217266,4,0,0,996632,1
45815.094846,4,0,0,996669,1
45818.444718,4,0,0,996621,1
45821.747180,4,0,0,996713,1
45833.545312,4,0,0,996791,1
45833.872680,4,0,0,996755,1
45838.804355,4,0,0,996689,1
45848.840997,4,0,0,996963,1
45852.491405,4,0,0,997009,1
45853.723910,4,0,0,997006,1
45869.445978,4,0,0,996718,1
45873.269985,4,0,0,996797,1
45874.170352,4,0,0,996840,1
45876.219327,4,0,0,996727,1
45880.296764,4,0,0,996774,1
45881.038081,4,0,0,996691,1
45885.864345,4,0,0,996599,1
45886.354601,4,0,0,996619,1
45888.844077,4,0,0,996603,1
45893.137693,4,0,0,996652,1
45898.186668,4,0,0,996549,1
45901.315468,4,0,0,996672,1
45901.326192,4,0,0,996675,1
45903.851367,4,0,0,996759,1
45909.833417,4,0,0,996744,1
45913.698464,4,0,0,996652,1
45920.661108,4,0,0,996577,1
45924.230718,4,0,0,996606,1
45930.061832,4,0,0,996625,1
45935.649379,4,0,0,996551,1
45944.336262,4,0,0,996159,1
45954.235729,4,0,0,996065,1
45959.580175,4,0,0,995981,1
45961.684813,4,0,0,995953,1
45961.833933,4,0,0,995949,1
45965.874555,4,0,0,995902,1
45967.446993,4,0,0,995872,1
45975.693790,4,0,0,995971,1
45979.350359,4,0,0,996134,1
45980.074939,4,0,0,996110,1
45982.404235,4,0,0,996162,1
45991.486843,4,0,0,996254,1
45998.092432,4,0,0,996226,1
46002.633822,4,0,0,996248,1
46002.725706,4,0,0,996239,1
46004.920222,4,0,0,996260,1
46006.254487,4,0,0,996305,1
46007.220883,4,0,0,996332,1
46009.628937,4,0,0,996276,1
46012.900403,4,0,0,996227,1
46018.927388,4,0,0,996216,1
46022.449949,4,0,0,996296,1
46027.742634,4,0,0,996371,1
46044.300823,4,0,0,996667,1
46051.457210,4,0,0,996647,1
46052.576559,4,0,0,996639,1
46058.368954,4,0,0,996698,1
46061.359768,4,0,0,996656,1
46069.989748,4,0,0,996824,1
46077.097133,4,0,0,996874,1
46077.948819,4,0,0,996924,1
46086.135458,4,0,0,997081,1
46089.295216,4,0,0,996955,1
46091.803508,4,0,0,996782,1
46093.769618,4,0,0,996708,1
46097.688441,4,0,0,996723,1
46110.418209,4,0,0,996470,1
46135.823974,4,0,0,996496,1
46143.907934,4,0,0,996435,1
46152.282414,4,0,0,996331,1
46157.178345,4,0,0,996540,1
46170.089405,4,0,0,996759,1
46189.756638,4,0,0,996565,1
46191.616176,4,0,0,996540,1
46192.148374,4,0,0,996553,1
46199.090395,4,0,0,996601,1
46201.008528,4,0,0,996589,1
46205.936651,4,0,0,996675,1
46217.969693,4,0,0,996691,1
46229.509446,4,0,0,996673,1
46231.322643,4,0,0,996677,1
46232.933875,4,0,0,996744,1
46238.941123,4,0,0,996810,1
46240.076740,4,0,0,996872,1
46250.660358,4,0,0,996643,1
46252.868086,4,0,0,996655,1
46255.291665,4,0,0,996669,1
46256.415569,4,0,0,996610,1
46257.507998,4,0,0,996556,1
46257.918546,4,0,0,996477,1
46261.441528,4,0,0,996382,1
46261.821646,4,0,0,996411,1
46271.321627,4,0,0,996381,1
46279.775553,4,0,0,996599,1
46286.694468,4,0,0,996634,1
46288.799350,4,0,0,996640,1
46298.912616,4,0,0,996590,1
46300.854960,4,0,0,996545,1
46305.205175,4,0,0,996432,1
46309.885645,4,0,0,996504,1
46314.534901,4,0,0,996418,1
46317.045675,4,0,0,996407,1
46329.452636,4,0,0,996612,1
46331.734682,4,0,0,996570,1
46334.643774,4,0,0,996515,1
46361.698041,4,0,0,996406,1
46369.134445,4,0,0,996322,1
46381.927872,4,0,0,996290,1
46388.448256,4,0,0,995968,1
46388.601473,4,0,0,995972,1
46404.173271,4,0,0,996005,1
46408.252197,4,0,0,995876,1
46409.636127,4,0,0,995854,1
46415.771778,4,0,0,995878,1
46418.528175,4,0,0,995851,1
46420.090180,4,0,0,995805,1
46422.197868,4,0,0,995762,1
46423.889657,4,0,0,995863,1
46428.923842,4,0,0,995883,1
46436.584057,4,0,0,995704,1
46438.006083,4,0,0,995649,1
46439.126049,4,0,0,995643,1
46440.724979,4,0,0,995543,1
46440.839495,4,0,0,995570,1
46442.072633,4,0,0,995583,1
46442.953889,4,0,0,995549,1
46447.527072,4,0,0,995452,1
46447.641393,4,0,0,995451,1
46449.929058,4,0,0,995365,1
46460.187074,4,0,0,995296,1
46463.486996,4,0,0,995146,1
46465.136034,4,0,0,995238,1
46465.525864,4,0,0,995167,1
46467.407484,4,0,0,995147,1
46469.432695,4,0,0,995214,1
46473.357822,4,0,0,995316,1
46475.255896,4,0,0,995347,1
46476.728316,4,0,0,995366,1
46478.996954,4,0,0,995268,1
46484.525666,4,0,0,995235,1
46491.595512,4,0,0,995270,1
46492.278449,4,0,0,995201,1
46492.345794,4,0,0,995194,1
46500.255184,4,0,0,995470,1
46502.388713,4,0,0,995533,1
46505.721160,4,0,0,995545,1
46505.925276,4,0,0,995562,1
46509.464620,4,0,0,995567,1
46518.723965,4,0,0,995624,1
46530.944114,4,0,0,995358,1
46541.386906,4,0,0,995601,1
46546.375074,4,0,0,995484,1
46546.764441,4,0,0,995503,1
46550.829308,4,0,0,995590,1
46554.204039,4,0,0,995623,1
46556.624280,4,0,0,995686,1
46558.225446,4,0,0,995789,1
46558.317577,4,0,0,995783,1
46558.567602,4,0,0,995795,1
46566.855127,4,0,0,995932,1
46567.249423,4,0,0,995962,1
46568.383809,4,0,0,996041,1
46572.772661,4,0,0,996100,1
46597.125444,4,0,0,996272,1
46602.717956,4,0,0,996204,1
46615.288300,4,0,0,996351,1
46617.813359,4,0,0,996275,1
46619.593512,4,0,0,996324,1
46622.954878,4,0,0,996272,1
46624.501504,4,0,0,996355,1
46628.934961,4,0,0,996238,1
46629.444294,4,0,0,996225,1
46630.934113,4,0,0,996322,1
46633.323031,4,0,0,996285,1
46637.677192,4,0,0,996349,1
46638.990519,4,0,0,996471,1
46640.013348,4,0,0,996409,1
46647.964121,4,0,0,996482,1
46650.263291,4,0,0,996401,1
46652.064237,4,0,0,996405,1
46652.615364,4,0,0,996377,1
46658.804426,4,0,0,996384,1
46664.745272,4,0,0,996633,1
46666.053961,4,0,0,996634,1
46672.538831,4,0,0,996737,1
46672.641844,4,0,0,996721,1
46673.225521,4,0,0,996634,1
46677.127062,4,0,0,996683,1
46681.502081,4,0,0,996641,1
46683.852331,4,0,0,996557,1
46684.767382,4,0,0,996543,1
46690.100879,4,0,0,996441,1
46690.351768,4,0,0,996434,1
46695.728210,4,0,0,996449,1
46700.913994,4,0,0,996534,1
46720.195154,4,0,0,996765,1
46723.265068,4,0,0,996742,1
46724.491006,4,0,0,996746,1
46728.828531,4,0,0,996780,1
46729.047461,4,0,0,996762,1
46735.396138,4,0,0,996864,1
46735.559028,4,0,0,996879,1
46739.837464,4,0,0,996715,1
46740.494481,4,0,0,996731,1
46740.546017,4,0,0,996697,1
46747.463590,4,0,0,996735,1
46748.115756,4,0,0,996696,1
46761.978280,4,0,0,996504,1
46776.556096,4,0,0,996374,1
46780.757880,4,0,0,996419,1
46786.944592,4,0,0,996291,1
46801.436924,4,0,0,996301,1
46801.882961,4,0,0,996296,1
46813.891148,4,0,0,996168,1
46820.788214,4,0,0,996220,1
46822.891825,4,0,0,996121,1
46823.057275,4,0,0,996129,1
46834.584932,4,0,0,996596,1
46835.799861,4,0,0,996669,1
46836.043036,4,0,0,996627,1
46841.133098,4,0,0,996568,1
46844.305627,4,0,0,996433,1
46847.966217,4,0,0,996340,1
46870.020087,4,0,0,996208,1
46876.985420,4,0,0,996453,1
46878.718475,4,0,0,996452,1
46882.596896,4,0,0,996381,1
46888.250857,4,0,0,996322,1
46893.467322,4,0,0,996270,1
46893.649524,4,0,0,996224,1
46915.954749,4,0,0,996201,1
46916.051015,4,0,0,996198,1
46918.706503,4,0,0,996161,1
46925.819772,4,0,0,996242,1
46926.006335,4,0,0,996199,1
46929.805625,4,0,0,996260,1
46935.990196,4,0,0,996303,1
46946.036330,4,0,0,996251,1
46947.540735,4,0,0,996307,1
46947.743620,4,0,0,996300,1
46948.116242,4,0,0,996300,1
46961.688749,4,0,0,996211,1
46968.698142,4,0,0,996266,1
46979.388247,4,0,0,996133,1
46989.377642,4,0,0,996099,1
46990.527539,4,0,0,996214,1
46991.871711,4,0,0,996228,1
46994.768005,4,0,0,996419,1
47013.332525,4,0,0,996622,1
47013.856497,4,0,0,996616,1
47015.177436,4,0,0,996570,1
47021.323101,4,0,0,996471,1
47026.250358,4,0,0,996454,1
47036.327275,4,0,0,996425,1
47038.856950,4,0,0,996432,1
47051.332002,4,0,0,996591,1
47054.462147,4,0,0,996604,1
47056.317219,4,0,0,996590,1
47060.948149,4,0,0,996622,1
47062.836796,4,0,0,996572,1
47063.930336,4,0,0,996534,1
47063.940757,4,0,0,996538,1
47064.117898,4,0,0,996513,1
47072.973573,4,0,0,996597,1
47095.980216,4,0,0,996263,1
47096.938885,4,0,0,996255,1
47098.772809,4,0,0,996203,1
47102.588565,4,0,0,996081,1
47103.700006,4,0,0,996167,1
47104.007393,4,0,0,996148,1
47106.581095,4,0,0,996188,1
47120.915755,4,0,0,996224,1
47123.984256,4,0,0,996333,1
47126.505735,4,0,0,996367,1
47132.386775,4,0,0,996365,1
47132.922687,4,0,0,996404,1
47134.794017,4,0,0,996467,1
47138.163224,4,0,0,996193,1
47139.685285,4,0,0,996096,1
47146.911937,4,0,0,996205,1
47147.563396,4,0,0,996114,1
47152.733994,4,0,0,996124,1
47155.700676,4,0,0,996078,1
47168.933009,4,0,0,996248,1
47169.193176,4,0,0,996270,1
47169.375233,4,0,0,996253,1
47171.178059,4,0,0,996129,1
47173.097794,4,0,0,996034,1
47179.980228,4,0,0,996015,1
47188.773690,4,0,0,995949,1
47196.946404,4,0,0,995938,1
47198.029342,4,0,0,995898,1
47200.969589,4,0,0,995889,1
47208.818181,4,0,0,995900,1
47213.833563,4,0,0,995835,1
47215.772851,4,0,0,995815,1
47231.940905,4,0,0,995711,1
47240.287137,4,0,0,995732,1
47242.275082,4,0,0,995766,1
47242.626186,4,0,0,995772,1
47246.868060,4,0,0,995797,1
47248.212818,4,0,0,995789,1
47248.726643,4,0,0,995772,1
47254.254567,4,0,0,995707,1
47254.905087,4,0,0,995683,1
47262.301706,4,0,0,995779,1
47263.924782,4,0,0,995798,1
47266.485197,4,0,0,995729,1
47270.402685,4,0,0,995784,1
47281.262239,4,0,0,995850,1
47285.671448,4,0,0,995958,1
47290.592732,4,0,0,995952,1
47300.125558,4,0,0,996098,1
47301.586806,4,0,0,995985,1
47305.512275,4,0,0,995934,1
47305.957235,4,0,0,995990,1
47309.637867,4,0,0,995957,1
47316.135464,4,0,0,996064,1
47316.970909,4,0,0,996019,1
47322.128664,4,0,0,995998,1
47323.184388,4,0,0,995958,1
47323.776191,4,0,0,995911,1
47339.943920,4,0,0,995995,1
47351.688409,4,0,0,996256,1
47352.623789,4,0,0,996198,1
47358.567448,4,0,0,996113,1
47358.598836,4,0,0,996105,1
47363.155470,4,0,0,996340,1
47368.458606,4,0,0,996431,1
47371.216209,4,0,0,996481,1
47375.511640,4,0,0,996547,1
47380.701251,4,0,0,996575,1
47381.471950,4,0,0,996590,1
47382.972395,4,0,0,996595,1
47390.733212,4,0,0,996689,1
47393.554352,4,0,0,996618,1
47400.034349,4,0,0,996354,1
47406.888242,4,0,0,996479,1
47414.179520,4,0,0,996523,1
47419.038055,4,0,0,996451,1
47431.479623,4,0,0,996552,1
47433.749036,4,0,0,996682,1
47435.996019,4,0,0,996748,1
47437.967316,4,0,0,996747,1
47447.640166,4,0,0,996444,1
47449.117833,4,0,0,996394,1
47459.255666,4,0,0,996394,1
47461.113741,4,0,0,996293,1
47468.736388,4,0,0,996447,1
47474.973685,4,0,0,996505,1
47484.434022,4,0,0,996572,1
47486.449625,4,0,0,996517,1
47505.946217,4,0,0,996438,1
47507.381813,4,0,0,996440,1
47518.905368,4,0,0,996397,1
47520.362886,4,0,0,996485,1
47520.532890,4,0,0,996488,1
47529.391884,4,0,0,996277,1
47532.981399,4,0,0,996322,1
47535.336674,4,0,0,996249,1
47551.235065,4,0,0,996357,1
47551.368188,4,0,0,996346,1
47560.498147,4,0,0,996199,1
47560.935199,4,0,0,996258,1
47574.273674,4,0,0,995932,1
47577.598093,4,0,0,995880,1
47591.763966,4,0,0,996016,1
47592.427885,4,0,0,996039,1
47605.771657,4,0,0,996093,1
47608.595546,4,0,0,996109,1
47609.898381,4,0,0,996070,1
47617.269444,4,0,0,996143,1
47619.362006,4,0,0,996288,1
47622.537993,4,0,0,996443,1
47622.907738,4,0,0,996375,1
47629.475050,4,0,0,996608,1
47633.675124,4,0,0,996441,1
47642.212660,4,0,0,996406,1
47643.196648,4,0,0,996524,1
47645.821744,4,0,0,996550,1
47647.630518,4,0,0,996524,1
47658.143188,4,0,0,996563,1
47658.188242,4,0,0,996565,1
47661.042689,4,0,0,996532,1
47667.409031,4,0,0,996607,1
47668.066178,4,0,0,996610,1
47670.096335,4,0,0,996559,1
47677.182621,4,0,0,996489,1
47692.067255,4,0,0,996359,1
47696.782268,4,0,0,996246,1
47705.696700,4,0,0,996333,1
47707.904337,4,0,0,996386,1
47712.311611,4,0,0,996387,1
47725.659586,4,0,0,996755,1
47725.931075,4,0,0,996758,1
47728.473529,4,0,0,996779,1
47734.066664,4,0,0,996816,1
47735.227624,4,0,0,996820,1
47746.186051,4,0,0,996994,1
47747.902635,4,0,0,996921,1
47750.123732,4,0,0,996942,1
47751.126566,4,0,0,996947,1
47755.305746,4,0,0,996906,1
47760.141624,4,0,0,997118,1
47772.813387,4,0,0,997165,1
47773.432595,4,0,0,997134,1
47773.528956,4,0,0,997124,1
47773.880283,4,0,0,997109,1
47775.319337,4,0,0,997176,1
47775.351232,4,0,0,997158,1
47785.311724,4,0,0,997141,1
47789.210163,4,0,0,997007,1
47797.187772,4,0,0,997096,1
47802.482598,4,0,0,997103,1
47804.521058,4,0,0,997034,1
47807.604735,4,0,0,996891,1
47810.881002,4,0,0,997017,1
47810.973423,4,0,0,997029,1
47823.095788,4,0,0,997177,1
47824.229019,4,0,0,997213,1
47824.284115,4,0,0,997211,1
47825.928210,4,0,0,997191,1
47835.096351,4,0,0,997320,1
47838.194152,4,0,0,997332,1
47843.245949,4,0,0,997273,1
47843.656395,4,0,0,997343,1
47849.076469,4,0,0,997174,1
47850.757686,4,0,0,997163,1
47856.004559,4,0,0,996939,1
47858.194407,4,0,0,997006,1
47859.624032,4,0,0,996948,1
47864.462765,4,0,0,997088,1
47869.979518,4,0,0,997063,1
47874.024330,4,0,0,997070,1
47885.559939,4,0,0,997158,1
47888.162828,4,0,0,997403,1
47896.740886,4,0,0,997454,1
47897.141403,4,0,0,997472,1
47915.896365,4,0,0,997564,1
47919.330837,4,0,0,997448,1
47924.778291,4,0,0,997636,1
47929.082240,4,0,0,997574,1
47932.134687,4,0,0,997612,1
47936.045002,4,0,0,997568,1
47938.769322,4,0,0,997699,1
47939.222535,4,0,0,997705,1
47939.871446,4,0,0,997729,1
47946.280075,4,0,0,997730,1
47956.748034,4,0,0,997627,1
47970.100488,4,0,0,997483,1
47972.219109,4,0,0,997386,1
47977.591419,4,0,0,997276,1
47987.984086,4,0,0,997183,1
48004.121584,4,0,0,997175,1
48004.987519,4,0,0,997130,1
48005.566468,4,0,0,997146,1
48024.274143,4,0,0,996960,1
48024.383072,4,0,0,996961,1
48036.977888,4,0,0,996889,1
48052.433529,4,0,0,997000,1
48052.982045,4,0,0,997005,1
48077.684249,4,0,0,996784,1
48081.433512,4,0,0,996714,1
48082.826095,4,0,0,996790,1
48086.700997,4,0,0,996839,1
48088.344881,4,0,0,996918,1
48088.758300,4,0,0,996930,1
48089.350565,4,0,0,996892,1
48090.733572,4,0,0,996917,1
48093.956076,4,0,0,996954,1
48100.592307,4,0,0,996851,1
48101.279868,4,0,0,996846,1
48107.044989,4,0,0,996903,1
48113.498754,4,0,0,996889,1
48124.250996,4,0,0,996686,1
48132.124023,4,0,0,996581,1
48135.155451,4,0,0,996501,1
48135.297914,4,0,0,996529,1
48137.707329,4,0,0,996449,1
48160.336478,4,0,0,996400,1
48165.056029,4,0,0,996449,1
48167.801123,4,0,0,996573,1
48177.414649,4,0,0,996720,1
48179.311324,4,0,0,996765,1
48181.025840,4,0,0,996788,1
48187.400539,4,0,0,996894,1
48188.124490,4,0,0,996887,1
48198.489484,4,0,0,996726,1
48206.371255,4,0,0,996796,1
48211.989597,4,0,0,996725,1
48216.678254,4,0,0,996704,1
48222.886208,4,0,0,996457,1
48227.013898,4,0,0,996368,1
48231.662602,4,0,0,996386,1
48239.587322,4,0,0,996351,1
48240.730729,4,0,0,996428,1
48242.995043,4,0,0,996425,1
48245.684361,4,0,0,996448,1
48249.238730,4,0,0,996475,1
48255.103035,4,0,0,996430,1
48256.406303,4,0,0,996505,1
48256.725576,4,0,0,996503,1
48265.878284,4,0,0,996657,1
48266.784377,4,0,0,996639,1
48272.760481,4,0,0,996787,1
48272.978367,4,0,0,996771,1
48274.549236,4,0,0,996770,1
48279.239603,4,0,0,996724,1
48292.584280,4,0,0,996498,1
48302.940691,4,0,0,996673,1
48307.144337,4,0,0,996716,1
48315.815443,4,0,0,996317,1
48316.406363,4,0,0,996366,1
48328.660889,4,0,0,996601,1
48337.435365,4,0,0,996675,1
48342.745486,4,0,0,996516,1
48342.920609,4,0,0,996504,1
48343.873437,4,0,0,996545,1
48344.368397,4,0,0,996606,1
48349.649377,4,0,0,996622,1
48357.755417,4,0,0,996651,1
48372.212101,4,0,0,996653,1
48377.860839,4,0,0,996681,1
48380.153594,4,0,0,996787,1
48381.075170,4,0,0,996839,1
48389.582602,4,0,0,996768,1
48396.874735,4,0,0,996859,1
48397.959321,4,0,0,996892,1
48402.474080,4,0,0,996823,1
48408.681772,4,0,0,996753,1
48408.769100,4,0,0,996734,1
48411.385435,4,0,0,996710,1
48439.454461,4,0,0,997196,1
48443.690954,4,0,0,997255,1
48446.834836,4,0,0,997233,1
48450.292894,4,0,0,997374,1
48463.212766,4,0,0,997193,1
48481.595883,4,0,0,996762,1
48483.281279,4,0,0,996787,1
48483.811479,4,0,0,996827,1
48505.162329,4,0,0,996807,1
48506.499502,4,0,0,996812,1
48510.231772,4,0,0,996771,1
48510.854681,4,0,0,996750,1
48517.863900,4,0,0,996983,1
48537.113283,4,0,0,996785,1
48541.023961,4,0,0,996751,1
48548.534521,4,0,0,996695,1
48550.917360,4,0,0,996686,1
48553.203100,4,0,0,996709,1
48554.945952,4,0,0,996685,1
48576.136889,4,0,0,995920,1
48577.587307,4,0,0,995949,1
48577.697459,4,0,0,995928,1
48589.896614,4,0,0,995642,1
48592.151719,4,0,0,995543,1
48593.582054,4,0,0,995614,1
48600.305738,4,0,0,995480,1
48608.589882,4,0,0,995289,1
48609.025942,4,0,0,995336,1
48610.156662,4,0,0,995397,1
48617.704467,4,0,0,995339,1
48621.402821,4,0,0,995339,1
48623.350484,4,0,0,995345,1
48632.468722,4,0,0,995382,1
48635.135870,4,0,0,995540,1
48639.047533,4,0,0,995659,1
48640.010192,4,0,0,995723,1
48640.269478,4,0,0,995709,1
48644.221759,4,0,0,995768,1
48644.825346,4,0,0,995759,1
48655.509525,4,0,0,995855,1
48660.803867,4,0,0,995805,1
48660.832598,4,0,0,995797,1
48665.288597,4,0,0,995744,1
48666.540548,4,0,0,995733,1
48673.920304,4,0,0,995551,1
48677.023055,4,0,0,995564,1
48683.324178,4,0,0,995491,1
48684.872710,4,0,0,995479,1
48688.719892,4,0,0,995537,1
48691.067920,4,0,0,995582,1
48695.472609,4,0,0,995553,1
48695.858410,4,0,0,995537,1
48703.481600,4,0,0,995496,1
48712.853046,4,0,0,995498,1
48718.400862,4,0,0,995540,1
48719.444296,4,0,0,995524,1
48720.753385,4,0,0,995571,1
48720.840685,4,0,0,995568,1
48724.463754,4,0,0,995725,1
48740.827482,4,0,0,995525,1
48741.442163,4,0,0,995525,1
48745.850610,4,0,0,995688,1
48748.773263,4,0,0,995625,1
48748.790881,4,0,0,995619,1
48751.370183,4,0,0,995574,1
48752.714778,4,0,0,995589,1
48753.569233,4,0,0,995586,1
48775.648593,4,0,0,995914,1
48783.554237,4,0,0,995793,1
48783.865905,4,0,0,995783,1
48784.458598,4,0,0,995862,1
48784.842794,4,0,0,995907,1
48787.456914,4,0,0,995828,1
48800.513862,4,0,0,995741,1
48811.788036,4,0,0,995719,1
48827.841229,4,0,0,995623,1
48828.680215,4,0,0,995621,1
48832.082984,4,0,0,995589,1
48833.623712,4,0,0,995646,1
48841.347390,4,0,0,995726,1
48842.321453,4,0,0,995678,1
48844.867954,4,0,0,995778,1
48846.339474,4,0,0,995787,1
48858.385333,4,0,0,995625,1
48863.853670,4,0,0,995639,1
48865.243963,4,0,0,995628,1
48865.294000,4,0,0,995629,1
48869.069529,4,0,0,995613,1
48871.173668,4,0,0,995529,1
48879.843314,4,0,0,995351,1
48884.817674,4,0,0,995346,1
48887.627833,4,0,0,995263,1
48897.015397,4,0,0,995190,1
48900.639639,4,0,0,995096,1
48902.324444,4,0,0,994991,1
48906.817489,4,0,0,994924,1
48907.177617,4,0,0,994892,1
48915.542982,4,0,0,995082,1
48919.722382,4,0,0,995185,1
48919.799340,4,0,0,995158,1
48925.220226,4,0,0,995030,1
48925.658137,4,0,0,995089,1
48925.901253,4,0,0,995080,1
48934.327427,4,0,0,995006,1
48936.442251,4,0,0,994894,1
48944.070096,4,0,0,994800,1
48944.207384,4,0,0,994807,1
48946.189174,4,0,0,994786,1
48946.369240,4,0,0,994784,1
48950.156383,4,0,0,994664,1
48951.233974,4,0,0,994656,1
48972.414805,4,0,0,994872,1
48973.887314,4,0,0,994844,1
48978.506739,4,0,0,994585,1
48980.006875,4,0,0,994533,1
48981.900273,4,0,0,994440,1
48988.503107,4,0,0,994263,1
48988.585409,4,0,0,994236,1
49000.229255,4,0,0,994347,1
49004.595027,4,0,0,994395,1
49010.724225,4,0,0,994424,1
49016.242817,4,0,0,994299,1
49019.415213,4,0,0,994299,1
49020.260666,4,0,0,994327,1
49023.020761,4,0,0,994415,1
49034.578629,4,0,0,994940,1
49042.533434,4,0,0,994847,1
49049.525865,4,0,0,994823,1
49049.755107,4,0,0,994795,1
49052.519370,4,0,0,994831,1
49059.717273,4,0,0,994690,1
49062.235295,4,0,0,994584,1
49062.538918,4,0,0,994596,1
49067.699965,4,0,0,994774,1
49075.107636,4,0,0,994664,1
49076.866624,4,0,0,994510,1
49081.771367,4,0,0,994375,1
49082.786249,4,0,0,994330,1
49086.138342,4,0,0,994258,1
49091.312923,4,0,0,994271,1
49093.380491,4,0,0,994052,1
49095.922532,4,0,0,994017,1
49097.309871,4,0,0,994025,1
49102.764000,4,0,0,994075,1
49108.804066,4,0,0,994216,1
49112.441203,4,0,0,994092,1
49114.431027,4,0,0,994123,1
49128.265972,4,0,0,994167,1
49128.788180,4,0,0,994188,1
49141.328362,4,0,0,993968,1
49152.624381,4,0,0,994168,1
49155.374822,4,0,0,994250,1
49157.170009,4,0,0,994356,1
49157.633805,4,0,0,994372,1
49163.646108,4,0,0,994405,1
49168.772424,4,0,0,994378,1
49177.003183,4,0,0,994381,1
49179.225707,4,0,0,994556,1
49180.387837,4,0,0,994477,1
49184.289200,4,0,0,994349,1
49190.095050,4,0,0,994441,1
49204.629602,4,0,0,994294,1
49215.055514,4,0,0,994066,1
49216.065363,4,0,0,994157,1
49219.295711,4,0,0,994129,1
49225.972955,4,0,0,994236,1
49232.151366,4,0,0,994380,1
49236.269648,4,0,0,994249,1
49237.688639,4,0,0,994271,1
49240.415883,4,0,0,994324,1
49242.428122,4,0,0,994381,1
49244.614928,4,0,0,994325,1
49257.711457,4,0,0,994453,1
49258.561845,4,0,0,994527,1
49264.165523,4,0,0,994467,1
49268.746245,4,0,0,994365,1
49275.305155,4,0,0,994354,1
49278.342484,4,0,0,994338,1
49288.187527,4,0,0,994501,1
49289.939835,4,0,0,994374,1
49290.845137,4,0,0,994438,1
49297.319832,4,0,0,994540,1
49309.199213,4,0,0,994334,1
49311.803279,4,0,0,994225,1
49314.947019,4,0,0,994148,1
49315.913699,4,0,0,994140,1
49317.258489,4,0,0,994160,1
49318.638437,4,0,0,994131,1
49319.106785,4,0,0,994144,1
49320.012953,4,0,0,994194,1
49321.033754,4,0,0,994104,1
49326.691410,4,0,0,993851,1
49330.845312,4,0,0,993894,1
49339.034854,4,0,0,993809,1
49340.366947,4,0,0,993875,1
49342.592279,4,0,0,993904,1
49355.165166,4,0,0,994131,1
49355.370862,4,0,0,994117,1
49362.623647,4,0,0,993888,1
49363.009088,4,0,0,993929,1
49368.431412,4,0,0,993772,1
49379.079526,4,0,0,993609,1
49384.011488,4,0,0,993735,1
49384.980053,4,0,0,993773,1
49391.700488,4,0,0,993983,1
49394.511438,4,0,0,994004,1
49394.688674,4,0,0,994020,1
49394.942867,4,0,0,994018,1
49395.876172,4,0,0,994003,1
49402.051628,4,0,0,994144,1
49409.552736,4,0,0,993950,1
49412.678176,4,0,0,993987,1
49419.932618,4,0,0,993892,1
49434.355390,4,0,0,993798,1
49436.712583,4,0,0,993915,1
49444.680177,4,0,0,994035,1
49446.966538,4,0,0,994068,1
49468.441943,4,0,0,994070,1
49468.895278,4,0,0,994126,1
49477.367526,4,0,0,994064,1
49482.095068,4,0,0,993916,1
49484.001353,4,0,0,993867,1
49488.909648,4,0,0,993896,1
49491.749718,4,0,0,993914,1
49494.124365,4,0,0,993810,1
49495.135250,4,0,0,993781,1
49498.854425,4,0,0,993748,1
49505.632472,4,0,0,993898,1
49519.858172,4,0,0,994211,1
49520.170303,4,0,0,994211,1
49525.816796,4,0,0,994236,1
49531.076485,4,0,0,994152,1
49533.853405,4,0,0,994104,1
49535.901195,4,0,0,994189,1
49542.328463,4,0,0,994105,1
49551.292178,4,0,0,994100,1
49552.269833,4,0,0,994068,1
49554.241890,4,0,0,994111,1
49568.517669,4,0,0,994143,1
49583.297665,4,0,0,994175,1
49595.597107,4,0,0,994093,1
49599.719439,4,0,0,994136,1
49611.530450,4,0,0,994344,1
49623.216033,4,0,0,994347,1
49624.407736,4,0,0,994303,1
49629.577948,4,0,0,994215,1
49637.349983,4,0,0,994096,1
49639.286256,4,0,0,994004,1
49644.256136,4,0,0,994040,1
49653.317697,4,0,0,993828,1
49662.200754,4,0,0,993813,1
49663.925278,4,0,0,993761,1
49665.580645,4,0,0,993820,1
49668.595773,4,0,0,993811,1
49671.197942,4,0,0,993945,1
49673.951819,4,0,0,993959,1
49684.501671,4,0,0,993771,1
49688.342171,4,0,0,993790,1
49695.252109,4,0,0,993923,1
49704.879302,4,0,0,993787,1
49704.986325,4,0,0,993805,1
49705.216822,4,0,0,993783,1
49710.760015,4,0,0,993955,1
49711.853660,4,0,0,993874,1
49713.728780,4,0,0,993915,1
49714.906840,4,0,0,993877,1
49721.658797,4,0,0,993984,1
49730.503628,4,0,0,993985,1
49733.516083,4,0,0,993923,1
49734.443188,4,0,0,993968,1
49735.677173,4,0,0,993984,1
49736.269129,4,0,0,994050,1
49737.782318,4,0,0,994145,1
49738.631048,4,0,0,994071,1
49739.194820,4,0,0,993997,1
49739.816692,4,0,0,993983,1
49740.559156,4,0,0,993974,1
49751.910369,4,0,0,993887,1
49760.893727,4,0,0,993973,1
49763.295644,4,0,0,993962,1
49766.555179,4,0,0,993920,1
49774.946075,4,0,0,994026,1
49784.438422,4,0,0,994060,1
49790.727921,4,0,0,994096,1
49813.985039,4,0,0,994145,1
49816.498880,4,0,0,994033,1
49817.493491,4,0,0,994047,1
49818.013200,4,0,0,994070,1
49825.087237,4,0,0,994193,1
49826.432883,4,0,0,994179,1
49827.413989,4,0,0,994076,1
49831.079812,4,0,0,994125,1
49838.080235,4,0,0,994127,1
49849.555045,4,0,0,994246,1
49850.555628,4,0,0,994223,1
49852.556601,4,0,0,994222,1
49854.129802,4,0,0,994124,1
49855.397460,4,0,0,994030,1
49858.550630,4,0,0,993921,1
49862.284478,4,0,0,993823,1
49869.174206,4,0,0,993834,1
49869.669246,4,0,0,993845,1
49869.966674,4,0,0,993834,1
49870.773657,4,0,0,993898,1
49871.148710,4,0,0,993917,1
49872.340426,4,0,0,993961,1
49873.869489,4,0,0,993945,1
49879.903060,4,0,0,993875,1
49880.020847,4,0,0,993851,1
49880.734606,4,0,0,993817,1
49883.782156,4,0,0,993863,1
49885.251216,4,0,0,993939,1
49888.027409,4,0,0,993938,1
49890.701958,4,0,0,993983,1
49894.468815,4,0,0,993978,1
49904.424527,4,0,0,993853,1
49906.735736,4,0,0,993750,1
49911.718889,4,0,0,993812,1
49920.201358,4,0,0,993855,1
49921.202398,4,0,0,993871,1
49925.297053,4,0,0,994015,1
49934.039230,4,0,0,994069,1
49934.861166,4,0,0,994047,1
49937.488447,4,0,0,994091,1
49939.078972,4,0,0,994032,1
49943.039463,4,0,0,994100,1
49947.960634,4,0,0,993832,1
49960.172986,4,0,0,994122,1
49964.325153,4,0,0,994082,1
49981.765176,4,0,0,994116,1
49985.923820,4,0,0,994357,1
49990.473484,4,0,0,994537,1
49992.817584,4,0,0,994471,1
49998.245686,4,0,0,994611,1
49999.329820,4,0,0,994654,1
50004.418860,4,0,0,994711,1
50014.052761,4,0,0,994858,1
50022.643999,4,0,0,994885,1
50033.319927,4,0,0,994838,1
50038.985715,4,0,0,994832,1
50043.330772,4,0,0,994811,1
50055.574478,4,0,0,994791,1
50074.626360,4,0,0,994922,1
50086.834636,4,0,0,994844,1
50087.311665,4,0,0,994919,1
50096.529492,4,0,0,994977,1
50097.688993,4,0,0,994950,1
50103.750187,4,0,0,995127,1
50109.909632,4,0,0,995260,1
50114.235458,4,0,0,995382,1
50120.744823,4,0,0,995452,1
50122.228963,4,0,0,995527,1
50130.622666,4,0,0,995556,1
50132.047341,4,0,0,995572,1
50138.299320,4,0,0,995621,1
50139.754607,4,0,0,995660,1
50148.183974,4,0,0,995682,1
50150.254636,4,0,0,995597,1
50155.783961,4,0,0,995574,1
50170.733242,4,0,0,995544,1
50171.635954,4,0,0,995534,1
50178.272803,4,0,0,995388,1
50181.084548,4,0,0,995395,1
50181.497408,4,0,0,995426,1
50193.282470,4,0,0,995221,1
50202.310505,4,0,0,995252,1
50203.707255,4,0,0,995072,1
50215.997949,4,0,0,995121,1
50216.559093,4,0,0,995097,1
50219.387919,4,0,0,995041,1
50223.702828,4,0,0,995030,1
50236.851632,4,0,0,994877,1
50259.141115,4,0,0,994412,1
50260.158402,4,0,0,994374,1
50265.377307,4,0,0,994576,1
50265.711292,4,0,0,994597,1
50269.520961,4,0,0,994624,1
50282.505479,4,0,0,994899,1
50290.393617,4,0,0,994908,1
50295.675979,4,0,0,994993,1
50299.061100,4,0,0,994997,1
50310.847449,4,0,0,994856,1
50314.372303,4,0,0,994928,1
50316.829794,4,0,0,994887,1
50319.745872,4,0,0,994928,1
50321.096649,4,0,0,994908,1
50330.958222,4,0,0,994704,1
50333.459516,4,0,0,994639,1
50334.203537,4,0,0,994658,1
50341.747162,4,0,0,994593,1
50354.390170,4,0,0,994547,1
50356.604186,4,0,0,994537,1
50357.163607,4,0,0,994506,1
50357.267628,4,0,0,994507,1
50357.545537,4,0,0,994517,1
50369.425267,4,0,0,994803,1
50373.718764,4,0,0,994779,1
50376.380569,4,0,0,994709,1
50385.439448,4,0,0,994664,1
50401.864056,4,0,0,994754,1
50406.447980,4,0,0,994682,1
50429.993843,4,0,0,994498,1
50430.138065,4,0,0,994471,1
50437.158191,4,0,0,994490,1
50438.604796,4,0,0,994465,1
50440.198510,4,0,0,994413,1
50444.636167,4,0,0,994379,1
50447.453199,4,0,0,994290,1
50450.837500,4,0,0,994277,1
50451.536058,4,0,0,994338,1
50456.288105,4,0,0,994399,1
50458.041223,4,0,0,994331,1
50459.086915,4,0,0,994309,1
50459.947801,4,0,0,994385,1
50465.076219,4,0,0,994566,1
50465.560148,4,0,0,994583,1
50472.956906,4,0,0,994701,1
50479.132135,4,0,0,994602,1
50479.855809,4,0,0,994588,1
50484.160919,4,0,0,994543,1
50485.300269,4,0,0,994613,1
50488.802418,4,0,0,994521,1
50492.517192,4,0,0,994623,1
50493.112149,4,0,0,994604,1
50493.182033,4,0,0,994608,1
50495.916176,4,0,0,994534,1
50497.466167,4,0,0,994521,1
50499.717554,4,0,0,994669,1
50501.454446,4,0,0,994786,1
50501.459752,4,0,0,994792,1
50528.004688,4,0,0,994805,1
50533.525445,4,0,0,994999,1
50536.398398,4,0,0,995061,1
50536.711775,4,0,0,995040,1
50543.237886,4,0,0,995258,1
50543.514161,4,0,0,995263,1
50546.864831,4,0,0,995111,1
50547.202364,4,0,0,995111,1
50547.902985,4,0,0,995089,1
50548.354104,4,0,0,995069,1
50549.251903,4,0,0,995106,1
50550.253540,4,0,0,995022,1
50551.139335,4,0,0,995079,1
50554.431696,4,0,0,995043,1
50556.412415,4,0,0,994983,1
50581.505602,4,0,0,994868,1
50582.095432,4,0,0,994861,1
50582.497813,4,0,0,994856,1
50584.100401,4,0,0,994888,1
50586.085389,4,0,0,994866,1
50589.926709,4,0,0,994792,1
50595.927401,4,0,0,994886,1
50605.886098,4,0,0,994746,1
50615.957851,4,0,0,994783,1
50618.290576,4,0,0,994780,1
50621.684674,4,0,0,994743,1
50621.739312,4,0,0,994751,1
50630.262326,4,0,0,994746,1
50631.271718,4,0,0,994688,1
50631.355614,4,0,0,994685,1
50637.400272,4,0,0,994851,1
50639.906137,4,0,0,994859,1
50640.314869,4,0,0,994869,1
50641.468697,4,0,0,994870,1
50641.849439,4,0,0,994859,1
50645.342536,4,0,0,994851,1
50650.398679,4,0,0,994875,1
50654.145483,4,0,0,994887,1
50658.485503,4,0,0,994869,1
50658.617561,4,0,0,994893,1
50660.433616,4,0,0,994875,1
50660.836215,4,0,0,994834,1
50663.461544,4,0,0,994949,1
50666.178959,4,0,0,994978,1
50666.539631,4,0,0,994975,1
50675.238637,4,0,0,994983,1
50675.941457,4,0,0,994946,1
50680.029392,4,0,0,994934,1
50690.416350,4,0,0,995076,1
50702.470703,4,0,0,994879,1
50703.936800,4,0,0,994859,1
50705.152277,4,0,0,994885,1
50706.360000,4,0,0,994846,1
50707.714022,4,0,0,994897,1
50712.929251,4,0,0,994765,1
50714.195320,4,0,0,994762,1
50718.907021,4,0,0,994639,1
50719.282896,4,0,0,994642,1
50721.820935,4,0,0,994524,1
50726.690901,4,0,0,994773,1
50729.108326,4,0,0,994751,1
50735.876327,4,0,0,994876,1
50736.773013,4,0,0,994841,1
50745.020152,4,0,0,994823,1
50748.966419,4,0,0,994659,1
50752.537795,4,0,0,994678,1
50770.045918,4,0,0,994556,1
50783.537010,4,0,0,994535,1
50795.958678,4,0,0,994429,1
50801.722281,4,0,0,994394,1
50807.912271,4,0,0,994347,1
50811.089481,4,0,0,994383,1
50814.147211,4,0,0,994380,1
50816.506838,4,0,0,994388,1
50820.238999,4,0,0,994441,1
50820.250481,4,0,0,994435,1
50834.950189,4,0,0,994683,1
50835.173751,4,0,0,994714,1
50839.634492,4,0,0,994691,1
50845.637648,4,0,0,994763,1
50852.054746,4,0,0,994901,1
50853.961153,4,0,0,994936,1
50856.620916,4,0,0,994925,1
50859.698775,4,0,0,994716,1
50860.677899,4,0,0,994816,1
50863.521203,4,0,0,994885,1
50863.633676,4,0,0,994892,1
50866.541324,4,0,0,994966,1
50866.882768,4,0,0,994948,1
50868.208034,4,0,0,994948,1
50868.320670,4,0,0,994953,1
50868.548499,4,0,0,994940,1
50872.810230,4,0,0,994872,1
50873.314957,4,0,0,994762,1
50874.780113,4,0,0,994768,1
50888.225237,4,0,0,994583,1
50893.354213,4,0,0,994452,1
50909.969100,4,0,0,994430,1
50916.562673,4,0,0,994295,1
50917.462168,4,0,0,994289,1
50931.114475,4,0,0,994287,1
50940.758402,4,0,0,994199,1
50948.863306,4,0,0,994189,1
50949.089522,4,0,0,994193,1
50951.312654,4,0,0,994242,1
50952.266837,4,0,0,994290,1
50953.421056,4,0,0,994252,1
50958.669977,4,0,0,994469,1
50969.301340,4,0,0,994496,1
50975.328525,4,0,0,994888,1
50976.307330,4,0,0,994911,1
50984.865632,4,0,0,994737,1
50989.728251,4,0,0,994901,1
51000.339069,4,0,0,994599,1
51003.545497,4,0,0,994716,1
51006.393286,4,0,0,994722,1
51008.138066,4,0,0,994653,1
51008.212754,4,0,0,994659,1
51009.190159,4,0,0,994649,1
51012.090972,4,0,0,994755,1
51018.463674,4,0,0,994842,1
51019.889530,4,0,0,994884,1
51026.008974,4,0,0,994839,1
51026.406821,4,0,0,994871,1
51028.949922,4,0,0,995033,1
51033.596933,4,0,0,994793,1
51034.609699,4,0,0,994748,1
51036.946645,4,0,0,994741,1
51041.981862,4,0,0,994782,1
51043.080997,4,0,0,994797,1
51044.598783,4,0,0,994841,1
51048.326729,4,0,0,994974,1
51052.861285,4,0,0,995086,1
51060.421892,4,0,0,995010,1
51067.561207,4,0,0,994987,1
51077.294468,4,0,0,994968,1
51084.886605,4,0,0,995156,1
51097.726916,4,0,0,995008,1
51101.634938,4,0,0,995011,1
51124.973202,4,0,0,994668,1
51136.555244,4,0,0,994609,1
51138.681520,4,0,0,994562,1
51141.486245,4,0,0,994559,1
51146.262885,4,0,0,994525,1
51155.365842,4,0,0,994514,1
51163.013377,4,0,0,994358,1
51164.181900,4,0,0,994356,1
51168.404398,4,0,0,994420,1
51173.653369,4,0,0,994406,1
51173.738233,4,0,0,994427,1
51179.631822,4,0,0,994210,1
51179.879822,4,0,0,994222,1
51188.438030,4,0,0,993986,1
51214.600928,4,0,0,993985,1
51224.942043,4,0,0,993934,1
51226.605436,4,0,0,994103,1
51229.932573,4,0,0,994157,1
51237.938017,4,0,0,994120,1
51238.212777,4,0,0,994148,1
51241.827920,4,0,0,994109,1
51242.198993,4,0,0,994077,1
51246.962069,4,0,0,993827,1
51248.921195,4,0,0,993711,1
51256.697419,4,0,0,993616,1
51264.854493,4,0,0,993736,1
51266.914874,4,0,0,993790,1
51267.411308,4,0,0,993812,1
51267.549731,4,0,0,993796,1
51272.583145,4,0,0,993514,1
51276.266885,4,0,0,993533,1
51283.625421,4,0,0,993417,1
51284.045181,4,0,0,993427,1
51284.501354,4,0,0,993447,1
51288.911712,4,0,0,993187,1
51290.121754,4,0,0,993128,1
51295.906630,4,0,0,993127,1
51296.936354,4,0,0,993040,1
51297.893725,4,0,0,993114,1
51299.633002,4,0,0,993138,1
51302.295296,4,0,0,993168,1
51306.397630,4,0,0,993184,1
51321.245475,4,0,0,993040,1
51322.678361,4,0,0,993155,1
51331.089520,4,0,0,993322,1
51332.604483,4,0,0,993314,1
51339.039768,4,0,0,993362,1
51349.105932,4,0,0,993112,1
51349.500604,4,0,0,993082,1
51354.335650,4,0,0,993098,1
