34199.000000,1,0,100,999000,1
34199.000000,1,0,100,999100,1
34199.000000,1,0,100,999200,1
34199.000000,1,0,100,999300,1
34199.000000,1,0,100,999400,1
34199.000000,1,0,100,999500,1
34199.000000,1,0,100,999600,1
34199.000000,1,0,100,999700,1
34199.000000,1,0,100,999800,1
34199.000000,1,0,100,999900,1
34199.000000,1,0,100,1000100,-1
34199.000000,1,0,100,1000200,-1
34199.000000,1,0,100,1000300,-1
34199.000000,1,0,100,1000400,-1
34199.000000,1,0,100,1000500,-1
34199.000000,1,0,100,1000600,-1
34199.000000,1,0,100,1000700,-1
34199.000000,1,0,100,1000800,-1
34199.000000,1,0,100,1000900,-1
34199.000000,1,0,100,1001000,-1
34200.000000,4,0,0,1000000,1
34200.125562,4,0,0,999973,1
34203.938845,4,0,0,1000060,1
34206.670617,4,0,0,1000121,1
34209.277445,4,0,0,1000006,1
34211.194117,4,0,0,999929,1
34212.288600,4,0,0,999934,1
34216.904489,4,0,0,999789,1
34218.607038,4,0,0,999793,1
34220.090626,4,0,0,999822,1
34224.729961,4,0,0,999864,1
34228.330252,4,0,0,999979,1
34229.021154,4,0,0,999978,1
34232.466000,4,0,0,999979,1
34233.440547,4,0,0,999938,1
34240.795424,4,0,0,999923,1
34249.992046,4,0,0,999817,1
34253.250509,4,0,0,999692,1
34262.210406,4,0,0,999767,1
34262.607128,4,0,0,999760,1
34265.970789,4,0,0,999732,1
34266.293512,4,0,0,999719,1
34268.964720,4,0,0,999546,1
34269.449954,4,0,0,999565,1
34270.100048,4,0,0,999518,1
34274.441182,4,0,0,999632,1
34275.665813,4,0,0,999439,1
34276.206468,4,0,0,999486,1
34277.395990,4,0,0,999459,1
34279.453855,4,0,0,999375,1
34282.468661,4,0,0,999401,1
34283.545714,4,0,0,999453,1
34288.434610,4,0,0,999454,1
34291.588681,4,0,0,999526,1
34294.952252,4,0,0,999353,1
34297.290701,4,0,0,999225,1
34304.834118,4,0,0,998962,1
34308.980818,4,0,0,998984,1
34309.827325,4,0,0,999055,1
34315.594318,4,0,0,999064,1
34331.557905,4,0,0,999192,1
34334.871228,4,0,0,999173,1
34345.401192,4,0,0,999066,1
34347.399057,4,0,0,999047,1
34351.401592,4,0,0,999158,1
34354.067985,4,0,0,999274,1
34356.811834,4,0,0,999319,1
34363.975183,4,0,0,999251,1
34367.641529,4,0,0,999172,1
34382.332983,4,0,0,998759,1
34386.088720,4,0,0,998797,1
34386.498181,4,0,0,998804,1
34388.679039,4,0,0,998590,1
34397.774453,4,0,0,998422,1
34400.266453,4,0,0,998356,1
34400.398282,4,0,0,998377,1
34401.755446,4,0,0,998356,1
34402.087679,4,0,0,998335,1
34426.425672,4,0,0,998702,1
34443.280388,4,0,0,998830,1
34450.979680,4,0,0,998614,1
34455.381313,4,0,0,998611,1
34462.302748,4,0,0,998295,1
34463.188945,4,0,0,998211,1
34464.846446,4,0,0,998147,1
34468.395490,4,0,0,998192,1
34470.503597,4,0,0,998197,1
34470.727086,4,0,0,998189,1
34490.246738,4,0,0,998053,1
34493.029849,4,0,0,997960,1
34496.381491,4,0,0,998021,1
34498.249916,4,0,0,998147,1
34499.687550,4,0,0,998086,1
34502.025977,4,0,0,998012,1
34510.552980,4,0,0,998091,1
34516.932559,4,0,0,998133,1
34519.211488,4,0,0,998164,1
34519.274120,4,0,0,998174,1
34526.905610,4,0,0,998270,1
34528.405927,4,0,0,998179,1
34532.583234,4,0,0,998207,1
34532.706955,4,0,0,998210,1
34537.894724,4,0,0,998302,1
34540.238093,4,0,0,998207,1
34543.523443,4,0,0,998135,1
34546.085440,4,0,0,998125,1
34548.150998,4,0,0,998185,1
34551.978264,4,0,0,998410,1
34569.227449,4,0,0,998598,1
34569.799414,4,0,0,998614,1
34571.595725,4,0,0,998691,1
34571.799814,4,0,0,998698,1
34578.209496,4,0,0,998549,1
34583.331361,4,0,0,998889,1
34584.486246,4,0,0,998854,1
34587.063360,4,0,0,998772,1
34591.998139,4,0,0,998865,1
34597.175721,4,0,0,998865,1
34598.069125,4,0,0,998865,1
34608.270256,4,0,0,998641,1
34615.464704,4,0,0,998768,1
34616.152152,4,0,0,998730,1
34625.864737,4,0,0,998627,1
34632.467914,4,0,0,998601,1
34640.127344,4,0,0,998356,1
34643.874040,4,0,0,998474,1
34645.066823,4,0,0,998484,1
34657.048586,4,0,0,998608,1
34661.334790,4,0,0,998482,1
34663.366346,4,0,0,998534,1
34664.830098,4,0,0,998485,1
34676.552693,4,0,0,998686,1
34679.154309,4,0,0,998734,1
34682.868107,4,0,0,998687,1
34687.349940,4,0,0,998716,1
34695.715594,4,0,0,998710,1
34700.385678,4,0,0,998685,1
34701.315147,4,0,0,998657,1
34705.591667,4,0,0,998672,1
34708.803381,4,0,0,998820,1
34712.598075,4,0,0,998724,1
34718.345433,4,0,0,998763,1
34719.693931,4,0,0,998750,1
34720.681315,4,0,0,998849,1
34721.241479,4,0,0,998807,1
34722.772451,4,0,0,998859,1
34722.821699,4,0,0,998843,1
34727.565960,4,0,0,998838,1
34729.238013,4,0,0,998878,1
34730.229274,4,0,0,998861,1
34730.707937,4,0,0,998813,1
34732.303186,4,0,0,998840,1
34733.459827,4,0,0,998683,1
34735.067425,4,0,0,998647,1
34738.114875,4,0,0,998652,1
34741.926400,4,0,0,998636,1
34750.841388,4,0,0,998459,1
34772.190073,4,0,0,998698,1
34772.429563,4,0,0,998716,1
34773.692055,4,0,0,998717,1
34778.619720,4,0,0,998891,1
34779.461481,4,0,0,998886,1
34789.219104,4,0,0,998939,1
34790.390858,4,0,0,999030,1
34796.862245,4,0,0,999017,1
34801.921825,4,0,0,998991,1
34809.588376,4,0,0,999144,1
34809.740123,4,0,0,999140,1
34810.986803,4,0,0,999206,1
34816.816099,4,0,0,999243,1
34817.254117,4,0,0,999220,1
34817.402618,4,0,0,999203,1
34819.514520,4,0,0,999157,1
34823.773818,4,0,0,999229,1
34824.030197,4,0,0,999225,1
34824.354849,4,0,0,999248,1
34824.567443,4,0,0,999251,1
34826.970712,4,0,0,999253,1
34832.247390,4,0,0,999473,1
34833.302242,4,0,0,999396,1
34843.290649,4,0,0,999404,1
34845.997654,4,0,0,999489,1
34850.618198,4,0,0,999509,1
34852.258176,4,0,0,999567,1
34856.823905,4,0,0,999618,1
34871.506864,4,0,0,999571,1
34874.347303,4,0,0,999591,1
34875.456238,4,0,0,999531,1
34878.104474,4,0,0,999482,1
34880.915211,4,0,0,999509,1
34884.301838,4,0,0,999546,1
34887.867648,4,0,0,999629,1
34888.074888,4,0,0,999586,1
34888.933510,4,0,0,999608,1
34891.793146,4,0,0,999645,1
34897.676861,4,0,0,999726,1
34904.862269,4,0,0,999614,1
34912.037266,4,0,0,999594,1
34915.377149,4,0,0,999509,1
34930.389706,4,0,0,999588,1
34932.317375,4,0,0,999568,1
34935.456567,4,0,0,999655,1
34942.052065,4,0,0,999785,1
34951.376883,4,0,0,999678,1
34953.935239,4,0,0,999769,1
34962.961735,4,0,0,999861,1
34965.772444,4,0,0,999752,1
34971.785162,4,0,0,999835,1
34971.825717,4,0,0,999833,1
34971.947724,4,0,0,999812,1
34985.431852,4,0,0,1000101,1
34985.946843,4,0,0,1000089,1
34991.131299,4,0,0,1000204,1
34992.723232,4,0,0,1000237,1
34993.794893,4,0,0,1000206,1
34996.144594,4,0,0,1000076,1
35008.583881,4,0,0,1000042,1
35012.621107,4,0,0,1000118,1
35024.501712,4,0,0,1000002,1
35030.292916,4,0,0,999947,1
35033.617803,4,0,0,999976,1
35036.989593,4,0,0,999963,1
35038.170018,4,0,0,1000030,1
35038.192362,4,0,0,1000031,1
35040.778358,4,0,0,999945,1
35044.739464,4,0,0,999858,1
35054.739296,4,0,0,999772,1
35060.149851,4,0,0,999996,1
35068.979803,4,0,0,999855,1
35081.435872,4,0,0,999899,1
35094.973710,4,0,0,999813,1
35103.065885,4,0,0,999902,1
35103.739226,4,0,0,999917,1
35105.773650,4,0,0,999854,1
35106.891351,4,0,0,999852,1
35116.548284,4,0,0,999652,1
35124.061517,4,0,0,999686,1
35126.113324,4,0,0,999861,1
35130.137956,4,0,0,999894,1
35137.955314,4,0,0,999825,1
35146.514991,4,0,0,999963,1
35147.616360,4,0,0,999991,1
35153.887031,4,0,0,1000104,1
35161.662447,4,0,0,1000186,1
35161.873182,4,0,0,1000195,1
35162.415131,4,0,0,1000172,1
35165.144882,4,0,0,1000189,1
35166.337931,4,0,0,1000107,1
35176.497634,4,0,0,1000306,1
35182.577079,4,0,0,1000319,1
35188.543946,4,0,0,1000477,1
35195.566081,4,0,0,1000356,1
35197.485696,4,0,0,1000142,1
35198.726400,4,0,0,1000108,1
35203.431926,4,0,0,999945,1
35205.990438,4,0,0,999921,1
35219.188743,4,0,0,999915,1
35224.104910,4,0,0,999829,1
35226.443419,4,0,0,999810,1
35235.677648,4,0,0,1000023,1
35237.968773,4,0,0,999964,1
35238.907527,4,0,0,999946,1
35246.181249,4,0,0,999873,1
35249.235927,4,0,0,999876,1
35250.671855,4,0,0,1000001,1
35256.307248,4,0,0,999821,1
35275.124081,4,0,0,999577,1
35276.475383,4,0,0,999584,1
35283.940832,4,0,0,999618,1
35290.809187,4,0,0,999542,1
35291.420446,4,0,0,999543,1
35300.147513,4,0,0,999248,1
35303.108300,4,0,0,999318,1
35303.750850,4,0,0,999290,1
35307.424812,4,0,0,999241,1
35309.105964,4,0,0,999169,1
35310.029700,4,0,0,999141,1
35310.424307,4,0,0,999117,1
35311.484360,4,0,0,999117,1
35314.167840,4,0,0,998922,1
35319.075450,4,0,0,998813,1
35319.512508,4,0,0,998781,1
35325.524949,4,0,0,998639,1
35326.037848,4,0,0,998615,1
35326.960858,4,0,0,998572,1
35332.932962,4,0,0,998619,1
35343.282229,4,0,0,998512,1
35362.797603,4,0,0,998226,1
35367.855619,4,0,0,998348,1
35370.960624,4,0,0,998326,1
35371.399822,4,0,0,998357,1
35375.312724,4,0,0,998410,1
35376.268030,4,0,0,998527,1
35379.720979,4,0,0,998576,1
35384.208773,4,0,0,998558,1
35392.769919,4,0,0,998596,1
35394.639823,4,0,0,998613,1
35416.137399,4,0,0,998796,1
35441.416040,4,0,0,998808,1
35449.778971,4,0,0,998757,1
35455.441688,4,0,0,998694,1
35461.765716,4,0,0,998953,1
35471.715736,4,0,0,998967,1
35486.181932,4,0,0,998740,1
35495.322827,4,0,0,998584,1
35500.218799,4,0,0,998549,1
35500.583702,4,0,0,998592,1
35505.251521,4,0,0,998750,1
35507.334356,4,0,0,998817,1
35508.195035,4,0,0,998797,1
35518.885414,4,0,0,998988,1
35527.213816,4,0,0,999152,1
35530.788758,4,0,0,999060,1
35533.764758,4,0,0,999013,1
35536.976801,4,0,0,999105,1
35538.420736,4,0,0,999065,1
35540.883545,4,0,0,998980,1
35543.626736,4,0,0,999022,1
35543.699252,4,0,0,999011,1
35554.377998,4,0,0,998947,1
35554.519403,4,0,0,998934,1
35556.749932,4,0,0,998889,1
35557.231688,4,0,0,998922,1
35558.280210,4,0,0,998996,1
35571.925153,4,0,0,999353,1
35574.143337,4,0,0,999287,1
35580.384294,4,0,0,999185,1
35581.028916,4,0,0,999213,1
35582.412219,4,0,0,999191,1
35592.596540,4,0,0,999011,1
35603.763108,4,0,0,998907,1
35605.384318,4,0,0,999002,1
35621.706497,4,0,0,999481,1
35626.978452,4,0,0,999262,1
35630.320527,4,0,0,999259,1
35632.590163,4,0,0,999372,1
35634.557304,4,0,0,999377,1
35649.073100,4,0,0,999409,1
35654.723038,4,0,0,999571,1
35658.373945,4,0,0,999617,1
35658.586481,4,0,0,999602,1
35659.946018,4,0,0,999511,1
35673.653641,4,0,0,999334,1
35677.543939,4,0,0,999145,1
35679.658692,4,0,0,999225,1
35679.704079,4,0,0,999223,1
35681.101868,4,0,0,999269,1
35682.504002,4,0,0,999290,1
35683.398607,4,0,0,999344,1
35685.420975,4,0,0,999343,1
35686.503455,4,0,0,999389,1
35686.813997,4,0,0,999391,1
35687.306800,4,0,0,999410,1
35690.588861,4,0,0,999417,1
35690.934004,4,0,0,999432,1
35704.010810,4,0,0,999285,1
35705.114009,4,0,0,999323,1
35708.096812,4,0,0,999339,1
35710.656868,4,0,0,999382,1
35712.302986,4,0,0,999417,1
35714.171320,4,0,0,999421,1
35715.307749,4,0,0,999496,1
35716.879780,4,0,0,999652,1
35717.475125,4,0,0,999655,1
35723.061858,4,0,0,999586,1
35728.005829,4,0,0,999506,1
35729.790120,4,0,0,999597,1
35739.936903,4,0,0,999704,1
35742.271324,4,0,0,999845,1
35746.785582,4,0,0,999870,1
35750.325621,4,0,0,999736,1
35752.204767,4,0,0,999593,1
35764.901740,4,0,0,999541,1
35773.912999,4,0,0,999470,1
35782.706405,4,0,0,999499,1
35797.454657,4,0,0,999306,1
35797.466538,4,0,0,999295,1
35800.705027,4,0,0,999202,1
35813.989702,4,0,0,999277,1
35814.679758,4,0,0,999195,1
35816.023080,4,0,0,999137,1
35819.384962,4,0,0,999132,1
35824.807938,4,0,0,999215,1
35826.741952,4,0,0,999243,1
35828.490518,4,0,0,999305,1
35835.637610,4,0,0,999416,1
35835.797289,4,0,0,999381,1
35843.162481,4,0,0,999027,1
35845.837184,4,0,0,999108,1
35850.576930,4,0,0,999125,1
35856.420416,4,0,0,999228,1
35856.915913,4,0,0,999233,1
35868.109745,4,0,0,999354,1
35876.368289,4,0,0,999452,1
35878.617824,4,0,0,999549,1
35879.653447,4,0,0,999566,1
35879.963499,4,0,0,999530,1
35881.727556,4,0,0,999600,1
35887.697500,4,0,0,999812,1
35895.716518,4,0,0,1000139,1
35897.606522,4,0,0,1000210,1
35898.795944,4,0,0,1000263,1
35900.691672,4,0,0,1000315,1
35916.630480,4,0,0,1000678,1
35917.113385,4,0,0,1000661,1
35917.959235,4,0,0,1000636,1
35923.623306,4,0,0,1000619,1
35924.342925,4,0,0,1000568,1
35925.825199,4,0,0,1000655,1
35933.594825,4,0,0,1000420,1
35935.303911,4,0,0,1000444,1
35939.648260,4,0,0,1000375,1
35943.713802,4,0,0,1000279,1
35945.188376,4,0,0,1000275,1
35946.555437,4,0,0,1000295,1
35948.190356,4,0,0,1000256,1
35958.166171,4,0,0,1000332,1
35958.256687,4,0,0,1000325,1
35958.716095,4,0,0,1000378,1
35960.711030,4,0,0,1000350,1
35961.900524,4,0,0,1000374,1
35965.855954,4,0,0,1000348,1
35969.562165,4,0,0,1000458,1
35972.831274,4,0,0,1000418,1
35974.541325,4,0,0,1000366,1
35977.965291,4,0,0,1000324,1
35985.340103,4,0,0,1000563,1
35993.341853,4,0,0,1000454,1
35996.979841,4,0,0,1000379,1
36004.826815,4,0,0,1000522,1
36004.993526,4,0,0,1000550,1
36005.793287,4,0,0,1000531,1
36012.385197,4,0,0,1000458,1
36014.707902,4,0,0,1000457,1
36016.536619,4,0,0,1000434,1
36020.593179,4,0,0,1000338,1
36022.820109,4,0,0,1000331,1
36034.305187,4,0,0,1000018,1
36036.644248,4,0,0,1000001,1
36045.293226,4,0,0,999843,1
36049.694218,4,0,0,999760,1
36061.312639,4,0,0,999741,1
36064.475815,4,0,0,999788,1
36079.687691,4,0,0,999790,1
36083.797043,4,0,0,999773,1
36083.931535,4,0,0,999790,1
36090.349833,4,0,0,999864,1
36099.795920,4,0,0,999990,1
36100.291849,4,0,0,1000026,1
36116.108313,4,0,0,999916,1
36120.069965,4,0,0,999804,1
36126.521899,4,0,0,999663,1
36127.734128,4,0,0,999657,1
36141.277377,4,0,0,999494,1
36146.205270,4,0,0,999477,1
36149.951688,4,0,0,999467,1
36165.506999,4,0,0,999221,1
36169.398468,4,0,0,999280,1
36173.024474,4,0,0,999297,1
36173.243398,4,0,0,999275,1
36177.022060,4,0,0,999222,1
36183.541926,4,0,0,999177,1
36185.738355,4,0,0,999231,1
36191.174794,4,0,0,999148,1
36195.143917,4,0,0,999103,1
36196.258433,4,0,0,999024,1
36200.041575,4,0,0,998995,1
36203.130613,4,0,0,998875,1
36205.100289,4,0,0,998793,1
36210.294192,4,0,0,998693,1
36210.595827,4,0,0,998751,1
36212.825430,4,0,0,998664,1
36215.546944,4,0,0,998753,1
36232.968038,4,0,0,998924,1
36238.694423,4,0,0,998835,1
36243.392850,4,0,0,998946,1
36244.203237,4,0,0,999007,1
36246.933062,4,0,0,998982,1
36249.150972,4,0,0,998997,1
36262.630852,4,0,0,998784,1
36265.513064,4,0,0,998980,1
36274.746644,4,0,0,998673,1
36279.814377,4,0,0,998622,1
36289.920918,4,0,0,998908,1
36289.936888,4,0,0,998913,1
36302.304888,4,0,0,999149,1
36316.749799,4,0,0,998813,1
36317.554476,4,0,0,998786,1
36317.879368,4,0,0,998758,1
36319.703777,4,0,0,998783,1
36323.914077,4,0,0,998692,1
36327.463770,4,0,0,998616,1
36330.193850,4,0,0,998467,1
36341.848174,4,0,0,998384,1
36345.882092,4,0,0,998373,1
36358.884527,4,0,0,998438,1
36362.987611,4,0,0,998494,1
36363.966499,4,0,0,998528,1
36383.190540,4,0,0,998477,1
36414.281888,4,0,0,998229,1
36417.108952,4,0,0,998223,1
36423.979223,4,0,0,998275,1
36428.817303,4,0,0,998220,1
36429.796565,4,0,0,998152,1
36433.934144,4,0,0,998195,1
36439.010580,4,0,0,998377,1
36443.316226,4,0,0,998640,1
36447.043403,4,0,0,998628,1
36451.327200,4,0,0,998530,1
36457.227640,4,0,0,998593,1
36464.273059,4,0,0,998436,1
36464.718877,4,0,0,998485,1
36476.418208,4,0,0,998444,1
36479.272611,4,0,0,998434,1
36484.974065,4,0,0,998394,1
36487.318337,4,0,0,998319,1
36487.568841,4,0,0,998318,1
36492.777019,4,0,0,998382,1
36494.952737,4,0,0,998543,1
36498.799224,4,0,0,998524,1
36500.281264,4,0,0,998601,1
36501.371106,4,0,0,998548,1
36503.050168,4,0,0,998475,1
36511.866031,4,0,0,998396,1
36524.185151,4,0,0,998600,1
36542.557548,4,0,0,998415,1
36545.114850,4,0,0,998408,1
36552.206590,4,0,0,998622,1
36553.086046,4,0,0,998651,1
36559.603948,4,0,0,998615,1
36562.242537,4,0,0,998495,1
36571.126118,4,0,0,998409,1
36572.174973,4,0,0,998507,1
36580.342997,4,0,0,998319,1
36580.701852,4,0,0,998326,1
36589.647633,4,0,0,998298,1
36592.281596,4,0,0,998315,1
36593.006652,4,0,0,998237,1
36594.752136,4,0,0,998222,1
36600.658670,4,0,0,998209,1
36603.484152,4,0,0,998093,1
36604.753783,4,0,0,998011,1
36606.057833,4,0,0,998054,1
36611.705269,4,0,0,998378,1
36616.693053,4,0,0,998182,1
36617.008819,4,0,0,998125,1
36625.010878,4,0,0,998016,1
36625.732835,4,0,0,998033,1
36627.048193,4,0,0,998021,1
36627.115120,4,0,0,998046,1
36630.488537,4,0,0,998057,1
36639.586564,4,0,0,997794,1
36652.279907,4,0,0,997859,1
36655.254665,4,0,0,997975,1
36655.772912,4,0,0,997973,1
36658.846616,4,0,0,997921,1
36660.486806,4,0,0,997848,1
36662.256317,4,0,0,997945,1
36663.586773,4,0,0,997999,1
36678.272992,4,0,0,997721,1
36680.694152,4,0,0,997691,1
36680.711263,4,0,0,997681,1
36683.979426,4,0,0,997612,1
36689.737568,4,0,0,997780,1
36697.810327,4,0,0,997808,1
36704.502013,4,0,0,997747,1
36710.291580,4,0,0,997852,1
36711.346841,4,0,0,997882,1
36713.406758,4,0,0,997826,1
36716.347457,4,0,0,997722,1
36717.051536,4,0,0,997709,1
36719.716523,4,0,0,997638,1
36720.228056,4,0,0,997647,1
36720.664468,4,0,0,997644,1
36729.311593,4,0,0,997441,1
36730.196191,4,0,0,997486,1
36733.256849,4,0,0,997488,1
36737.944096,4,0,0,997522,1
36751.310752,4,0,0,997680,1
36753.059033,4,0,0,997729,1
36754.014170,4,0,0,997689,1
36763.970040,4,0,0,997711,1
36765.699495,4,0,0,997710,1
36767.254189,4,0,0,997684,1
36768.031749,4,0,0,997794,1
36770.843412,4,0,0,997917,1
36772.101899,4,0,0,997949,1
36774.226656,4,0,0,997952,1
36776.167026,4,0,0,998030,1
36780.853957,4,0,0,997881,1
36783.674411,4,0,0,997969,1
36789.090286,4,0,0,997948,1
36790.801047,4,0,0,997966,1
36792.661285,4,0,0,997923,1
36823.086740,4,0,0,997657,1
36824.387704,4,0,0,997579,1
36831.266654,4,0,0,997532,1
36837.015063,4,0,0,997525,1
36842.003813,4,0,0,997621,1
36842.623346,4,0,0,997677,1
36842.650056,4,0,0,997676,1
36849.192269,4,0,0,997680,1
36849.606594,4,0,0,997689,1
36850.935535,4,0,0,997731,1
36872.592620,4,0,0,997744,1
36888.771765,4,0,0,997417,1
36900.924565,4,0,0,997091,1
36905.108515,4,0,0,997096,1
36908.020647,4,0,0,997154,1
36910.986754,4,0,0,996964,1
36912.971029,4,0,0,996968,1
36929.328244,4,0,0,996725,1
36937.419391,4,0,0,996726,1
36960.454267,4,0,0,996748,1
36962.165198,4,0,0,996796,1
36966.310152,4,0,0,996911,1
36971.787637,4,0,0,996696,1
36974.100710,4,0,0,996626,1
36978.295150,4,0,0,996780,1
36979.341012,4,0,0,996874,1
36981.141569,4,0,0,996901,1
36981.834498,4,0,0,996918,1
36986.755029,4,0,0,997011,1
36988.698961,4,0,0,996929,1
36991.342782,4,0,0,997058,1
36993.632160,4,0,0,996953,1
36993.891198,4,0,0,996967,1
37004.703368,4,0,0,996927,1
37010.917481,4,0,0,996869,1
37012.789383,4,0,0,996735,1
37023.733968,4,0,0,996639,1
37029.115529,4,0,0,996547,1
37052.002299,4,0,0,996945,1
37054.976194,4,0,0,996788,1
37055.531120,4,0,0,996791,1
37056.150855,4,0,0,996802,1
37062.710350,4,0,0,996751,1
37066.842772,4,0,0,996738,1
37068.010905,4,0,0,996658,1
37071.802303,4,0,0,996830,1
37075.409317,4,0,0,996923,1
37084.732010,4,0,0,996692,1
37084.992696,4,0,0,996676,1
37085.566144,4,0,0,996688,1
37088.359930,4,0,0,996759,1
37089.077625,4,0,0,996794,1
37110.524126,4,0,0,996654,1
37111.580323,4,0,0,996532,1
37116.200760,4,0,0,996658,1
37119.003610,4,0,0,996649,1
37126.277659,4,0,0,996628,1
37126.536090,4,0,0,996637,1
37128.410551,4,0,0,996597,1
37131.443219,4,0,0,996566,1
37132.019808,4,0,0,996627,1
37136.918958,4,0,0,996520,1
37140.571024,4,0,0,996498,1
37148.952075,4,0,0,996222,1
37151.743152,4,0,0,996085,1
37153.414178,4,0,0,996151,1
37155.228855,4,0,0,996274,1
37156.513382,4,0,0,996304,1
37169.432971,4,0,0,996413,1
37177.095415,4,0,0,996548,1
37179.106691,4,0,0,996530,1
37181.962908,4,0,0,996473,1
37182.472430,4,0,0,996504,1
37186.727042,4,0,0,996559,1
37192.966335,4,0,0,996774,1
37194.202967,4,0,0,996829,1
37196.991733,4,0,0,996752,1
37202.361878,4,0,0,996653,1
37205.156028,4,0,0,996552,1
37208.978692,4,0,0,996585,1
37210.014641,4,0,0,996516,1
37217.589681,4,0,0,996816,1
37218.144633,4,0,0,996786,1
37221.185802,4,0,0,996789,1
37222.830425,4,0,0,996785,1
37223.362761,4,0,0,996789,1
37232.610977,4,0,0,996675,1
37233.678776,4,0,0,996566,1
37236.706895,4,0,0,996560,1
37241.241719,4,0,0,996464,1
37242.743498,4,0,0,996369,1
37245.866175,4,0,0,996272,1
37249.479954,4,0,0,996322,1
37252.292780,4,0,0,996182,1
37254.449682,4,0,0,996340,1
37255.863333,4,0,0,996407,1
37267.174279,4,0,0,996361,1
37270.579022,4,0,0,996300,1
37276.355442,4,0,0,996370,1
37280.005455,4,0,0,996323,1
37281.616121,4,0,0,996301,1
37284.729448,4,0,0,996225,1
37293.012302,4,0,0,996181,1
37302.990154,4,0,0,996088,1
37316.502049,4,0,0,995829,1
37317.664733,4,0,0,995738,1
37319.688820,4,0,0,995728,1
37320.294152,4,0,0,995732,1
37341.538137,4,0,0,995605,1
37346.303747,4,0,0,995772,1
37352.137048,4,0,0,995932,1
37354.830169,4,0,0,995879,1
37356.164362,4,0,0,995899,1
37358.505434,4,0,0,995898,1
37360.133716,4,0,0,995854,1
37363.767236,4,0,0,995998,1
37371.864655,4,0,0,995856,1
37380.385024,4,0,0,995732,1
37381.996748,4,0,0,995660,1
37382.931270,4,0,0,995663,1
37389.069709,4,0,0,995651,1
37391.649062,4,0,0,995603,1
37392.609048,4,0,0,995709,1
37397.041148,4,0,0,995707,1
37397.611816,4,0,0,995738,1
37398.091692,4,0,0,995716,1
37398.149647,4,0,0,995721,1
37399.258804,4,0,0,995622,1
37402.375465,4,0,0,995654,1
37403.222035,4,0,0,995674,1
37403.562182,4,0,0,995678,1
37406.804366,4,0,0,995572,1
37417.963491,4,0,0,995770,1
37418.018784,4,0,0,995774,1
37419.256192,4,0,0,995810,1
37430.326070,4,0,0,995619,1
37435.133673,4,0,0,995633,1
37443.616946,4,0,0,995294,1
37455.090391,4,0,0,995236,1
37456.270363,4,0,0,995270,1
37462.700827,4,0,0,995130,1
37464.146679,4,0,0,995027,1
37477.471394,4,0,0,995097,1
37492.528577,4,0,0,995168,1
37493.363195,4,0,0,995234,1
37501.358538,4,0,0,995118,1
37501.589299,4,0,0,995108,1
37505.962005,4,0,0,994992,1
37509.105538,4,0,0,994999,1
37513.480381,4,0,0,995009,1
37520.300377,4,0,0,995138,1
37530.053580,4,0,0,995122,1
37533.395796,4,0,0,995184,1
37533.761538,4,0,0,995229,1
37545.475728,4,0,0,994791,1
37545.775470,4,0,0,994771,1
37553.338240,4,0,0,994765,1
37553.956017,4,0,0,994832,1
37565.089865,4,0,0,994697,1
37569.900071,4,0,0,994954,1
37571.674967,4,0,0,995016,1
37581.251943,4,0,0,995060,1
37582.202815,4,0,0,995023,1
37583.363379,4,0,0,995015,1
37585.248435,4,0,0,995076,1
37587.801691,4,0,0,995036,1
37588.981204,4,0,0,995018,1
37601.036914,4,0,0,994832,1
37603.811966,4,0,0,994884,1
37618.309394,4,0,0,994664,1
37619.705279,4,0,0,994569,1
37622.726962,4,0,0,994617,1
37630.458512,4,0,0,994655,1
37652.163561,4,0,0,994923,1
37655.018981,4,0,0,994848,1
37658.053786,4,0,0,994759,1
37671.555482,4,0,0,994963,1
37674.260920,4,0,0,994969,1
37677.036251,4,0,0,994857,1
37691.666723,4,0,0,994905,1
37694.950308,4,0,0,994832,1
37695.595327,4,0,0,994783,1
37709.160895,4,0,0,994869,1
37712.488268,4,0,0,994815,1
37714.626798,4,0,0,994819,1
37725.666634,4,0,0,994772,1
37725.749278,4,0,0,994765,1
37739.847052,4,0,0,995033,1
37740.284777,4,0,0,994954,1
37740.660017,4,0,0,994998,1
37754.291586,4,0,0,994793,1
37757.398694,4,0,0,994652,1
37758.345575,4,0,0,994712,1
37777.619473,4,0,0,994950,1
37779.571115,4,0,0,994985,1
37793.127128,4,0,0,995114,1
37796.067996,4,0,0,995228,1
37798.260871,4,0,0,995148,1
37802.332273,4,0,0,995180,1
37813.870052,4,0,0,995398,1
37832.590164,4,0,0,995837,1
37838.277551,4,0,0,995794,1
37840.473243,4,0,0,995745,1
37849.995581,4,0,0,995590,1
37862.333879,4,0,0,995527,1
37866.076156,4,0,0,995439,1
37872.018826,4,0,0,995409,1
37881.826515,4,0,0,995254,1
37887.340424,4,0,0,995226,1
37892.364482,4,0,0,995091,1
37894.655025,4,0,0,995109,1
37899.039791,4,0,0,995133,1
37900.371656,4,0,0,995106,1
37900.982052,4,0,0,995167,1
37902.411864,4,0,0,995112,1
37905.236934,4,0,0,995311,1
37907.256267,4,0,0,995344,1
37913.042867,4,0,0,995453,1
37915.347406,4,0,0,995325,1
37918.707354,4,0,0,995569,1
37920.350223,4,0,0,995563,1
37920.795916,4,0,0,995562,1
37926.826295,4,0,0,995571,1
37928.039197,4,0,0,995631,1
37931.032977,4,0,0,995542,1
37935.341162,4,0,0,995650,1
37940.678706,4,0,0,995605,1
37943.239373,4,0,0,995654,1
37944.803652,4,0,0,995620,1
37955.476702,4,0,0,995537,1
37960.417288,4,0,0,995592,1
37961.779857,4,0,0,995653,1
37968.765454,4,0,0,995772,1
37972.444218,4,0,0,995834,1
37975.046110,4,0,0,995757,1
37975.535896,4,0,0,995733,1
37976.736806,4,0,0,995726,1
37977.269326,4,0,0,995676,1
37982.980374,4,0,0,996085,1
37989.561776,4,0,0,996118,1
37992.297141,4,0,0,996207,1
37992.563980,4,0,0,996203,1
37993.454270,4,0,0,996262,1
38007.310107,4,0,0,996280,1
38017.944855,4,0,0,996237,1
38020.372760,4,0,0,996353,1
38021.101680,4,0,0,996339,1
38023.902945,4,0,0,996349,1
38026.619509,4,0,0,996328,1
38026.713829,4,0,0,996326,1
38032.781421,4,0,0,996117,1
38037.902247,4,0,0,996222,1
38042.124431,4,0,0,996376,1
38049.986423,4,0,0,996283,1
38058.204923,4,0,0,996205,1
38059.356833,4,0,0,996209,1
38059.705045,4,0,0,996244,1
38061.904296,4,0,0,996204,1
38072.091008,4,0,0,996144,1
38079.232204,4,0,0,996308,1
38080.641668,4,0,0,996266,1
38086.961788,4,0,0,996572,1
38090.959018,4,0,0,996442,1
38092.506052,4,0,0,996370,1
38098.601892,4,0,0,996425,1
38100.195745,4,0,0,996346,1
38102.193291,4,0,0,996280,1
38103.274425,4,0,0,996195,1
38107.175531,4,0,0,996233,1
38110.018818,4,0,0,996326,1
38114.801292,4,0,0,996250,1
38114.851807,4,0,0,996262,1
38117.339456,4,0,0,996327,1
38117.522408,4,0,0,996316,1
38119.261945,4,0,0,996282,1
38119.693179,4,0,0,996267,1
38123.462898,4,0,0,996306,1
38135.562638,4,0,0,996657,1
38144.771695,4,0,0,996680,1
38148.002071,4,0,0,996790,1
38150.018641,4,0,0,996693,1
38150.029212,4,0,0,996690,1
38154.974316,4,0,0,996364,1
38156.832057,4,0,0,996342,1
38159.202651,4,0,0,996299,1
38163.855271,4,0,0,996282,1
38164.830195,4,0,0,996252,1
38168.766792,4,0,0,996269,1
38171.622185,4,0,0,996326,1
38173.880646,4,0,0,996332,1
38182.574337,4,0,0,996264,1
38188.852382,4,0,0,996297,1
38189.675216,4,0,0,996312,1
38201.272457,4,0,0,996403,1
38201.281662,4,0,0,996402,1
38202.613528,4,0,0,996444,1
38203.318208,4,0,0,996430,1
38205.314326,4,0,0,996424,1
38206.079872,4,0,0,996430,1
38207.657918,4,0,0,996310,1
38210.103285,4,0,0,996256,1
38213.168638,4,0,0,996187,1
38214.671966,4,0,0,996106,1
38215.008473,4,0,0,996143,1
38218.726093,4,0,0,996145,1
38223.522546,4,0,0,996240,1
38228.622616,4,0,0,996275,1
38228.761705,4,0,0,996271,1
38229.296567,4,0,0,996280,1
38234.570887,4,0,0,996410,1
38235.088180,4,0,0,996323,1
38235.417577,4,0,0,996336,1
38238.289919,4,0,0,996206,1
38240.458716,4,0,0,996256,1
38245.806792,4,0,0,996216,1
38246.003472,4,0,0,996193,1
38247.223780,4,0,0,996142,1
38248.828579,4,0,0,996127,1
38250.709221,4,0,0,996168,1
38250.747297,4,0,0,996161,1
38254.573551,4,0,0,996068,1
38254.636108,4,0,0,996059,1
38256.344863,4,0,0,996065,1
38267.845616,4,0,0,996077,1
38268.668766,4,0,0,996116,1
38273.530558,4,0,0,995989,1
38276.445398,4,0,0,996035,1
38288.822801,4,0,0,996051,1
38291.600266,4,0,0,995931,1
38292.682756,4,0,0,995863,1
38318.682125,4,0,0,995942,1
38324.834699,4,0,0,995764,1
38325.498560,4,0,0,995789,1
38329.089363,4,0,0,995678,1
38330.837168,4,0,0,995735,1
38341.048755,4,0,0,995762,1
38341.887598,4,0,0,995634,1
38346.823071,4,0,0,995633,1
38361.928708,4,0,0,995500,1
38373.376884,4,0,0,995596,1
38384.406796,4,0,0,995626,1
38389.614229,4,0,0,995518,1
38391.339982,4,0,0,995489,1
38391.712138,4,0,0,995491,1
38392.613496,4,0,0,995517,1
38403.323032,4,0,0,995524,1
38409.205736,4,0,0,995576,1
38409.732566,4,0,0,995574,1
38426.829417,4,0,0,995451,1
38430.238180,4,0,0,995568,1
38431.139242,4,0,0,995566,1
38434.261374,4,0,0,995629,1
38436.696610,4,0,0,995586,1
38437.846897,4,0,0,995578,1
38442.637517,4,0,0,995542,1
38446.206963,4,0,0,995406,1
38447.738317,4,0,0,995455,1
38455.498151,4,0,0,995487,1
38459.197599,4,0,0,995572,1
38461.179677,4,0,0,995671,1
38462.000659,4,0,0,995631,1
38465.308718,4,0,0,995656,1
38466.107899,4,0,0,995661,1
38477.923549,4,0,0,995521,1
38481.188484,4,0,0,995567,1
38492.845746,4,0,0,995487,1
38494.688341,4,0,0,995483,1
38497.635968,4,0,0,995551,1
38501.157959,4,0,0,995469,1
38512.085805,4,0,0,995369,1
38512.734741,4,0,0,995399,1
38515.165542,4,0,0,995376,1
38515.586866,4,0,0,995338,1
38527.332933,4,0,0,995285,1
38535.439073,4,0,0,995450,1
38537.885306,4,0,0,995564,1
38543.167936,4,0,0,995682,1
38546.911425,4,0,0,995859,1
38551.434234,4,0,0,995712,1
38560.572555,4,0,0,995851,1
38581.143205,4,0,0,995931,1
38581.546395,4,0,0,995959,1
38585.557173,4,0,0,996064,1
38596.721706,4,0,0,996139,1
38599.135812,4,0,0,996105,1
38600.540510,4,0,0,996140,1
38601.212680,4,0,0,996113,1
38605.903855,4,0,0,996159,1
38607.036787,4,0,0,996145,1
38609.308992,4,0,0,996047,1
38611.760697,4,0,0,996163,1
38616.442022,4,0,0,996121,1
38631.293491,4,0,0,996183,1
38652.668315,4,0,0,995709,1
38654.365948,4,0,0,995640,1
38655.834488,4,0,0,995687,1
38661.923669,4,0,0,995607,1
38666.997512,4,0,0,997929,1
38667.515752,4,0,0,997940,1
38669.028957,4,0,0,997882,1
38682.978660,4,0,0,997816,1
38690.704754,4,0,0,997610,1
38691.763178,4,0,0,997608,1
38695.043561,4,0,0,997580,1
38695.506440,4,0,0,997532,1
38699.064366,4,0,0,997704,1
38703.092005,4,0,0,997785,1
38704.048392,4,0,0,997791,1
38704.418867,4,0,0,997786,1
38705.367928,4,0,0,997801,1
38708.565986,4,0,0,997747,1
38708.841116,4,0,0,997787,1
38709.755074,4,0,0,997814,1
38710.786636,4,0,0,997863,1
38713.466055,4,0,0,997933,1
38717.138698,4,0,0,997872,1
38719.328419,4,0,0,997931,1
38724.284073,4,0,0,997896,1
38737.137455,4,0,0,997951,1
38738.404957,4,0,0,998017,1
38760.427375,4,0,0,998127,1
38762.367925,4,0,0,998221,1
38766.729959,4,0,0,998204,1
38768.855153,4,0,0,998189,1
38774.307500,4,0,0,998028,1
38783.478805,4,0,0,998130,1
38791.003844,4,0,0,998052,1
38795.652130,4,0,0,997895,1
38799.637413,4,0,0,998017,1
38800.429297,4,0,0,998091,1
38808.454848,4,0,0,997988,1
38828.062854,4,0,0,998044,1
38832.861791,4,0,0,997850,1
38837.024833,4,0,0,997854,1
38837.793758,4,0,0,997864,1
38839.341973,4,0,0,997915,1
38841.479131,4,0,0,997932,1
38842.496480,4,0,0,998054,1
38864.701201,4,0,0,998008,1
38871.889791,4,0,0,996832,1
38876.973611,4,0,0,996860,1
38879.197913,4,0,0,996906,1
38879.947588,4,0,0,996883,1
38882.354200,4,0,0,996900,1
38883.212166,4,0,0,996931,1
38886.905503,4,0,0,997006,1
38887.844515,4,0,0,997024,1
38888.084890,4,0,0,997037,1
38892.639261,4,0,0,996878,1
38894.932030,4,0,0,996941,1
38900.430716,4,0,0,996964,1
38903.964082,4,0,0,996890,1
38908.686101,4,0,0,996854,1
38910.518983,4,0,0,996836,1
38914.691056,4,0,0,996785,1
38917.952697,4,0,0,996774,1
38922.265133,4,0,0,996739,1
38922.302003,4,0,0,996725,1
38938.312587,4,0,0,997174,1
38939.593723,4,0,0,997196,1
38939.975098,4,0,0,997264,1
38941.644779,4,0,0,997248,1
38947.288499,4,0,0,997443,1
38960.190162,4,0,0,997434,1
38969.075547,4,0,0,997674,1
38970.966299,4,0,0,997738,1
38979.497687,4,0,0,997855,1
38979.765039,4,0,0,997851,1
38980.230735,4,0,0,997858,1
38981.216475,4,0,0,997924,1
38988.625798,4,0,0,997660,1
38994.783577,4,0,0,997581,1
38995.455505,4,0,0,997530,1
39001.341798,4,0,0,997425,1
39008.198962,4,0,0,997513,1
39009.211289,4,0,0,997555,1
39014.520805,4,0,0,997537,1
39017.007379,4,0,0,997628,1
39017.371815,4,0,0,997606,1
39020.854906,4,0,0,997554,1
39024.097615,4,0,0,997568,1
39034.309116,4,0,0,997643,1
39038.235486,4,0,0,997634,1
39047.002662,4,0,0,997486,1
39049.888710,4,0,0,997537,1
39055.897940,4,0,0,997752,1
39072.637666,4,0,0,997693,1
39072.739680,4,0,0,997694,1
39075.608709,4,0,0,997603,1
39078.294415,4,0,0,997605,1
39085.533467,4,0,0,997491,1
39085.622912,4,0,0,997494,1
39089.767891,4,0,0,997656,1
39091.330341,4,0,0,997690,1
39094.424762,4,0,0,997630,1
39100.462895,4,0,0,997735,1
39105.214078,4,0,0,997553,1
39106.565018,4,0,0,997624,1
39107.664055,4,0,0,997641,1
39116.753251,4,0,0,997492,1
39120.139082,4,0,0,997466,1
39138.734522,4,0,0,997294,1
39143.940987,4,0,0,997526,1
39145.163516,4,0,0,997559,1
39146.050494,4,0,0,997513,1
39147.924017,4,0,0,997469,1
39154.819596,4,0,0,997497,1
39157.767254,4,0,0,997451,1
39161.778461,4,0,0,997478,1
39166.101381,4,0,0,997522,1
39167.018392,4,0,0,997453,1
39169.027564,4,0,0,997498,1
39170.695084,4,0,0,997607,1
39183.855716,4,0,0,997678,1
39183.891965,4,0,0,997684,1
39198.842073,4,0,0,997601,1
39199.569581,4,0,0,997580,1
39203.324522,4,0,0,997612,1
39204.780349,4,0,0,997561,1
39206.515511,4,0,0,997456,1
39213.390498,4,0,0,997571,1
39219.005058,4,0,0,997500,1
39225.935373,4,0,0,997536,1
39226.936998,4,0,0,997542,1
39228.020149,4,0,0,997564,1
39234.796450,4,0,0,997648,1
39235.414481,4,0,0,997669,1
39246.778031,4,0,0,997631,1
39259.079111,4,0,0,997785,1
39262.441791,4,0,0,997755,1
39268.249558,4,0,0,997803,1
39270.195965,4,0,0,997761,1
39275.036792,4,0,0,997774,1
39275.157913,4,0,0,997759,1
39276.341153,4,0,0,997835,1
39279.231153,4,0,0,997865,1
39282.451788,4,0,0,997802,1
39302.765540,4,0,0,997422,1
39335.335254,4,0,0,997255,1
39335.963152,4,0,0,997307,1
39337.507944,4,0,0,997268,1
39337.919962,4,0,0,997300,1
39339.916399,4,0,0,997286,1
39354.133663,4,0,0,997240,1
39358.165424,4,0,0,997139,1
39358.360322,4,0,0,997145,1
39361.874983,4,0,0,997244,1
39374.802570,4,0,0,997397,1
39392.031177,4,0,0,997522,1
39403.640893,4,0,0,997356,1
39410.447848,4,0,0,997374,1
39411.832946,4,0,0,997308,1
39422.865937,4,0,0,997177,1
39424.551562,4,0,0,997202,1
39434.592893,4,0,0,997043,1
39434.794988,4,0,0,997053,1
39435.072537,4,0,0,997044,1
39442.841753,4,0,0,997248,1
39443.381140,4,0,0,997242,1
39446.145910,4,0,0,997282,1
39448.154982,4,0,0,997351,1
39449.711360,4,0,0,997386,1
39451.859958,4,0,0,997430,1
39455.038056,4,0,0,997275,1
39463.692364,4,0,0,997407,1
39468.282120,4,0,0,997234,1
39479.654330,4,0,0,997124,1
39488.316765,4,0,0,996767,1
39489.071897,4,0,0,996750,1
39491.698530,4,0,0,996693,1
39495.338280,4,0,0,996668,1
39496.750238,4,0,0,996608,1
39500.743309,4,0,0,996589,1
39518.229457,4,0,0,996449,1
39519.449201,4,0,0,996436,1
39526.786911,4,0,0,996547,1
39552.064153,4,0,0,996027,1
39553.465198,4,0,0,996021,1
39562.730602,4,0,0,996003,1
39563.643783,4,0,0,995926,1
39575.838259,4,0,0,995859,1
39577.572027,4,0,0,995950,1
39579.129086,4,0,0,995969,1
39590.367306,4,0,0,995882,1
39592.012273,4,0,0,995926,1
39593.212777,4,0,0,995943,1
39594.981861,4,0,0,995856,1
39600.331723,4,0,0,995814,1
39600.436192,4,0,0,995812,1
39601.234543,4,0,0,995810,1
39601.796578,4,0,0,995821,1
39605.338179,4,0,0,995821,1
39605.589838,4,0,0,995820,1
39617.701753,4,0,0,995738,1
39620.721271,4,0,0,995705,1
39625.286497,4,0,0,995650,1
39626.357162,4,0,0,995674,1
39632.046552,4,0,0,995663,1
39632.162569,4,0,0,995651,1
39632.553405,4,0,0,995673,1
39644.204924,4,0,0,996096,1
39645.362328,4,0,0,996086,1
39648.583951,4,0,0,996199,1
39652.123434,4,0,0,996149,1
39653.103429,4,0,0,996158,1
39657.359410,4,0,0,996254,1
39658.806965,4,0,0,996321,1
39663.903948,4,0,0,996565,1
39665.325414,4,0,0,996537,1
39668.033370,4,0,0,996546,1
39671.353882,4,0,0,996673,1
39671.447458,4,0,0,996693,1
39671.997262,4,0,0,996662,1
39672.439891,4,0,0,996662,1
39675.300767,4,0,0,996751,1
39678.986907,4,0,0,996874,1
39696.971425,4,0,0,996702,1
39698.993540,4,0,0,996731,1
39699.935467,4,0,0,996625,1
39716.269242,4,0,0,996856,1
39719.935559,4,0,0,997030,1
39735.650243,4,0,0,996838,1
39737.721970,4,0,0,996825,1
39738.091853,4,0,0,996783,1
39740.984481,4,0,0,996748,1
39759.429426,4,0,0,996894,1
39759.784246,4,0,0,996912,1
39762.871757,4,0,0,996953,1
39771.901839,4,0,0,996758,1
39773.034565,4,0,0,996715,1
39780.543881,4,0,0,996983,1
39780.863353,4,0,0,996990,1
39782.669834,4,0,0,996964,1
39783.564370,4,0,0,996977,1
39801.074710,4,0,0,996883,1
39805.537185,4,0,0,996908,1
39807.100270,4,0,0,996862,1
39819.323849,4,0,0,996764,1
39823.182033,4,0,0,996617,1
39825.286010,4,0,0,996748,1
39831.181986,4,0,0,996844,1
39836.554213,4,0,0,996925,1
39852.216223,4,0,0,997121,1
39852.518189,4,0,0,997118,1
39862.544629,4,0,0,996961,1
39867.587965,4,0,0,997027,1
39868.384781,4,0,0,997059,1
39870.887495,4,0,0,997105,1
39871.167384,4,0,0,997095,1
39880.938451,4,0,0,996874,1
39881.443230,4,0,0,996903,1
39882.626453,4,0,0,996927,1
39888.521781,4,0,0,996930,1
39895.362570,4,0,0,996910,1
39896.532070,4,0,0,996905,1
39897.338632,4,0,0,996881,1
39897.460506,4,0,0,996856,1
39897.858477,4,0,0,996853,1
39908.087973,4,0,0,996801,1
39909.031453,4,0,0,996818,1
39911.501798,4,0,0,996798,1
39918.527585,4,0,0,996847,1
39938.025912,4,0,0,996613,1
39947.871438,4,0,0,996701,1
39960.113503,4,0,0,997082,1
39968.639849,4,0,0,997080,1
39970.690577,4,0,0,997129,1
39975.536656,4,0,0,997232,1
39981.409248,4,0,0,997283,1
39983.954048,4,0,0,997306,1
39988.374308,4,0,0,997149,1
40005.275607,4,0,0,997007,1
40007.165834,4,0,0,997116,1
40019.270291,4,0,0,997170,1
40040.153410,4,0,0,997248,1
40044.379819,4,0,0,997453,1
40056.165742,4,0,0,997176,1
40062.672648,4,0,0,997320,1
40068.735990,4,0,0,997408,1
40069.309942,4,0,0,997336,1
40075.865836,4,0,0,997264,1
40076.808350,4,0,0,997286,1
40083.570660,4,0,0,997205,1
40083.865305,4,0,0,997185,1
40093.844381,4,0,0,997295,1
40094.833398,4,0,0,997287,1
40104.168782,4,0,0,997329,1
40114.965831,4,0,0,997318,1
40115.482415,4,0,0,997324,1
40116.070855,4,0,0,997336,1
40133.724188,4,0,0,997822,1
40153.555386,4,0,0,997935,1
40154.039354,4,0,0,997911,1
40158.870148,4,0,0,997958,1
40161.073313,4,0,0,997980,1
40161.363858,4,0,0,998070,1
40170.488931,4,0,0,997865,1
40175.696275,4,0,0,997950,1
40175.994823,4,0,0,997957,1
40178.881370,4,0,0,998091,1
40181.377595,4,0,0,998013,1
40201.449968,4,0,0,997759,1
40226.365161,4,0,0,997875,1
40227.593466,4,0,0,997923,1
40234.476808,4,0,0,997989,1
40239.672144,4,0,0,998066,1
40242.395467,4,0,0,998066,1
40246.494261,4,0,0,998171,1
40249.017935,4,0,0,998184,1
40249.209228,4,0,0,998173,1
40255.929829,4,0,0,998370,1
40263.520918,4,0,0,998258,1
40276.595028,4,0,0,997981,1
40280.114199,4,0,0,997948,1
40280.443603,4,0,0,997945,1
40292.932150,4,0,0,997946,1
40294.314026,4,0,0,997930,1
40294.989796,4,0,0,997947,1
40295.740058,4,0,0,997933,1
40300.015489,4,0,0,997848,1
40302.384201,4,0,0,997958,1
40308.269030,4,0,0,997943,1
40308.685125,4,0,0,997979,1
40308.764476,4,0,0,997982,1
40324.182369,4,0,0,998092,1
40324.637344,4,0,0,998145,1
40326.664482,4,0,0,998015,1
40326.755136,4,0,0,998032,1
40337.030036,4,0,0,998053,1
40345.998672,4,0,0,998192,1
40350.243634,4,0,0,998150,1
40351.069244,4,0,0,998151,1
40358.798755,4,0,0,998137,1
40359.133538,4,0,0,998106,1
40362.053411,4,0,0,998103,1
40363.867641,4,0,0,998227,1
40391.856048,4,0,0,998586,1
40410.044053,4,0,0,998897,1
40418.544448,4,0,0,998869,1
40421.411320,4,0,0,998856,1
40424.749484,4,0,0,998818,1
40428.583321,4,0,0,998620,1
40432.497034,4,0,0,998599,1
40433.457802,4,0,0,998563,1
40434.532094,4,0,0,998609,1
40440.385905,4,0,0,998726,1
40449.333388,4,0,0,998797,1
40464.661521,4,0,0,998633,1
40471.500003,4,0,0,998561,1
40475.368503,4,0,0,998696,1
40475.796132,4,0,0,998707,1
40476.223539,4,0,0,998740,1
40477.014895,4,0,0,998721,1
40482.869431,4,0,0,998841,1
40484.427501,4,0,0,998822,1
40487.058171,4,0,0,998785,1
40487.848643,4,0,0,998798,1
40489.140499,4,0,0,998757,1
40491.355517,4,0,0,998674,1
40495.898650,4,0,0,998822,1
40514.079365,4,0,0,998981,1
40514.729606,4,0,0,998962,1
40516.388815,4,0,0,998962,1
40543.564951,4,0,0,999270,1
40553.826118,4,0,0,999192,1
40568.705103,4,0,0,998734,1
40572.305420,4,0,0,998951,1
40573.590709,4,0,0,998869,1
40574.666089,4,0,0,998846,1
40582.452757,4,0,0,998545,1
40595.261636,4,0,0,998162,1
40599.847851,4,0,0,998201,1
40605.391072,4,0,0,998052,1
40615.675492,4,0,0,998163,1
40617.097743,4,0,0,998155,1
40621.261214,4,0,0,998142,1
40625.258345,4,0,0,998207,1
40637.507206,4,0,0,998332,1
40639.377200,4,0,0,998426,1
40640.087044,4,0,0,998368,1
40640.610753,4,0,0,998342,1
40642.201668,4,0,0,998386,1
40642.522854,4,0,0,998408,1
40644.271285,4,0,0,998373,1
40648.400956,4,0,0,998252,1
40651.223542,4,0,0,998254,1
40656.177158,4,0,0,997926,1
40659.726196,4,0,0,997771,1
40666.485085,4,0,0,997924,1
40669.365118,4,0,0,997818,1
40676.468811,4,0,0,998097,1
40679.538553,4,0,0,998110,1
40685.730588,4,0,0,998149,1
40692.860623,4,0,0,998515,1
40702.069255,4,0,0,998658,1
40702.908838,4,0,0,998644,1
40709.050345,4,0,0,998579,1
40709.103121,4,0,0,998571,1
40711.544313,4,0,0,998412,1
40715.529920,4,0,0,998452,1
40715.673093,4,0,0,998452,1
40715.860217,4,0,0,998437,1
40717.167432,4,0,0,998488,1
40719.264490,4,0,0,998445,1
40725.026610,4,0,0,998238,1
40726.037399,4,0,0,998182,1
40728.449251,4,0,0,998179,1
40739.717175,4,0,0,998238,1
40741.579233,4,0,0,998366,1
40748.515247,4,0,0,998315,1
40752.725943,4,0,0,998369,1
40752.987763,4,0,0,998394,1
40770.208856,4,0,0,998526,1
40770.767465,4,0,0,998536,1
40772.766208,4,0,0,998455,1
40787.271578,4,0,0,998385,1
40788.603897,4,0,0,998509,1
40802.859541,4,0,0,998546,1
40808.023343,4,0,0,998541,1
40809.043783,4,0,0,998482,1
40809.771664,4,0,0,998491,1
40828.988047,4,0,0,998874,1
40831.831013,4,0,0,998823,1
40838.098439,4,0,0,998707,1
40838.779262,4,0,0,998703,1
40842.157777,4,0,0,998656,1
40842.632576,4,0,0,998632,1
40845.909043,4,0,0,998825,1
40845.956230,4,0,0,998833,1
40846.160269,4,0,0,998800,1
40857.890818,4,0,0,998786,1
40868.423458,4,0,0,998931,1
40875.502251,4,0,0,998887,1
40879.106603,4,0,0,998960,1
40879.976294,4,0,0,998904,1
40886.382453,4,0,0,998965,1
40887.534072,4,0,0,998960,1
40887.819758,4,0,0,998973,1
40889.632959,4,0,0,998966,1
40893.842924,4,0,0,998893,1
40898.010419,4,0,0,998929,1
40906.515635,4,0,0,998991,1
40908.893672,4,0,0,999037,1
40909.668391,4,0,0,998974,1
40909.862230,4,0,0,998961,1
40910.917001,4,0,0,998947,1
40923.925353,4,0,0,998890,1
40924.106656,4,0,0,998881,1
40928.967128,4,0,0,998886,1
40931.708573,4,0,0,998994,1
40932.698436,4,0,0,999076,1
40938.051643,4,0,0,999205,1
40942.370055,4,0,0,999256,1
40942.700759,4,0,0,999160,1
40947.912771,4,0,0,999080,1
40948.292669,4,0,0,999095,1
40949.503274,4,0,0,999041,1
40953.533354,4,0,0,999148,1
40959.555746,4,0,0,999061,1
40963.683278,4,0,0,999072,1
40974.579453,4,0,0,998994,1
40980.340462,4,0,0,999020,1
40997.105529,4,0,0,998721,1
40998.638272,4,0,0,998699,1
41018.658943,4,0,0,998506,1
41019.693172,4,0,0,998448,1
41020.716061,4,0,0,998362,1
41021.722011,4,0,0,998409,1
41022.322508,4,0,0,998364,1
41027.017777,4,0,0,998437,1
41027.039471,4,0,0,998435,1
41034.917055,4,0,0,998494,1
41039.285471,4,0,0,998487,1
41041.009996,4,0,0,998479,1
41051.598356,4,0,0,998267,1
41060.443257,4,0,0,998653,1
41065.218057,4,0,0,998760,1
41065.594077,4,0,0,998787,1
41081.596310,4,0,0,998336,1
41086.204224,4,0,0,998256,1
41096.931280,4,0,0,998129,1
41097.781704,4,0,0,998133,1
41097.913378,4,0,0,998119,1
41099.612884,4,0,0,998154,1
41106.931520,4,0,0,998159,1
41115.218627,4,0,0,998265,1
41125.745360,4,0,0,998437,1
41127.823413,4,0,0,998370,1
41135.970206,4,0,0,998273,1
41136.775365,4,0,0,998227,1
41140.587695,4,0,0,998299,1
41140.836109,4,0,0,998294,1
41146.921042,4,0,0,998231,1
41149.069327,4,0,0,998131,1
41149.614984,4,0,0,998140,1
41154.841677,4,0,0,998129,1
41157.495217,4,0,0,998130,1
41159.333622,4,0,0,998100,1
41161.504285,4,0,0,997987,1
41168.425524,4,0,0,998142,1
41170.930765,4,0,0,998135,1
41181.095662,4,0,0,998165,1
41181.887648,4,0,0,998128,1
41184.226800,4,0,0,998222,1
41193.946789,4,0,0,998084,1
41198.293086,4,0,0,998027,1
41204.461802,4,0,0,997909,1
41213.236907,4,0,0,997737,1
41216.796266,4,0,0,997802,1
41217.425009,4,0,0,997780,1
41219.291246,4,0,0,997703,1
41220.763171,4,0,0,997688,1
41221.570013,4,0,0,997670,1
41226.014895,4,0,0,997666,1
41227.164283,4,0,0,997630,1
41236.621774,4,0,0,997659,1
41239.523864,4,0,0,997512,1
41247.277782,4,0,0,997378,1
41256.231195,4,0,0,997478,1
41261.390996,4,0,0,997566,1
41269.559628,4,0,0,997306,1
41277.007788,4,0,0,997350,1
41281.146175,4,0,0,997339,1
41283.040897,4,0,0,997412,1
41285.581382,4,0,0,997323,1
41287.310737,4,0,0,997343,1
41290.472852,4,0,0,997411,1
41292.936351,4,0,0,997299,1
41294.868579,4,0,0,997248,1
41295.435345,4,0,0,997280,1
41297.985189,4,0,0,997256,1
41298.704578,4,0,0,997290,1
41300.866925,4,0,0,997297,1
41301.411049,4,0,0,997243,1
41303.721080,4,0,0,997246,1
41307.408966,4,0,0,997278,1
41307.779121,4,0,0,997259,1
41309.198122,4,0,0,997315,1
41311.856173,4,0,0,997204,1
41313.377799,4,0,0,997196,1
41317.336183,4,0,0,997160,1
41325.303241,4,0,0,997043,1
41332.595206,4,0,0,996845,1
41333.713193,4,0,0,996734,1
41334.771833,4,0,0,996668,1
41338.675377,4,0,0,996647,1
41340.859174,4,0,0,996601,1
41341.088546,4,0,0,996595,1
41342.348029,4,0,0,996579,1
41358.304155,4,0,0,996494,1
41375.077695,4,0,0,996548,1
41377.186921,4,0,0,996605,1
41377.390878,4,0,0,996569,1
41385.080992,4,0,0,996604,1
41386.655622,4,0,0,996498,1
41386.909987,4,0,0,996551,1
41388.250342,4,0,0,996494,1
41389.039912,4,0,0,996474,1
41400.546066,4,0,0,996623,1
41401.582432,4,0,0,996641,1
41408.196291,4,0,0,996759,1
41408.925502,4,0,0,996817,1
41409.305071,4,0,0,996805,1
41411.524747,4,0,0,996948,1
41416.027103,4,0,0,996877,1
41419.649851,4,0,0,996848,1
41428.451542,4,0,0,996978,1
41431.192336,4,0,0,996782,1
41435.713610,4,0,0,996714,1
41436.007444,4,0,0,996706,1
41442.543684,4,0,0,996811,1
41448.222924,4,0,0,996727,1
41456.209767,4,0,0,996849,1
41456.735842,4,0,0,996809,1
41459.698817,4,0,0,996891,1
41464.775223,4,0,0,996976,1
41464.815086,4,0,0,996971,1
41473.921427,4,0,0,996932,1
41482.137269,4,0,0,996907,1
41485.576240,4,0,0,996871,1
41487.605963,4,0,0,996829,1
41493.847770,4,0,0,996998,1
41504.383833,4,0,0,997071,1
41507.644452,4,0,0,997110,1
41517.992038,4,0,0,996868,1
41518.756340,4,0,0,996865,1
41520.676348,4,0,0,996938,1
41526.724458,4,0,0,996955,1
41528.857214,4,0,0,996915,1
41532.389656,4,0,0,996905,1
41537.473633,4,0,0,996996,1
41541.726518,4,0,0,996978,1
41544.398334,4,0,0,996805,1
41545.122161,4,0,0,996771,1
41547.654908,4,0,0,996781,1
41548.881581,4,0,0,996694,1
41556.883976,4,0,0,996698,1
41564.344752,4,0,0,996764,1
41565.504629,4,0,0,996882,1
41569.686413,4,0,0,997030,1
41574.842725,4,0,0,997074,1
41577.511747,4,0,0,996929,1
41577.941085,4,0,0,996937,1
41584.125572,4,0,0,996759,1
41584.551899,4,0,0,996723,1
41590.016939,4,0,0,996854,1
41590.417387,4,0,0,996828,1
41594.691442,4,0,0,996898,1
41596.243320,4,0,0,996908,1
41598.718095,4,0,0,996980,1
41619.088394,4,0,0,996956,1
41633.435016,4,0,0,996938,1
41637.553476,4,0,0,997094,1
41643.132365,4,0,0,997178,1
41650.944679,4,0,0,997233,1
41657.013185,4,0,0,997237,1
41657.680037,4,0,0,997259,1
41660.605152,4,0,0,997251,1
41669.176417,4,0,0,997346,1
41675.760331,4,0,0,997339,1
41677.057753,4,0,0,997242,1
41686.556228,4,0,0,996996,1
41691.091902,4,0,0,996929,1
41692.701123,4,0,0,997056,1
41692.983253,4,0,0,997093,1
41699.460473,4,0,0,997050,1
41702.186885,4,0,0,996986,1
41719.697177,4,0,0,996905,1
41721.166936,4,0,0,996893,1
41721.506678,4,0,0,996928,1
41722.867118,4,0,0,996896,1
41725.340952,4,0,0,996781,1
41725.521504,4,0,0,996770,1
41727.868962,4,0,0,996680,1
41729.201767,4,0,0,996768,1
41751.337632,4,0,0,996765,1
41752.236884,4,0,0,996770,1
41761.128579,4,0,0,996775,1
41762.007339,4,0,0,996684,1
41766.147360,4,0,0,996714,1
41771.291799,4,0,0,996776,1
41774.951059,4,0,0,996741,1
41788.943381,4,0,0,996827,1
41791.647976,4,0,0,996801,1
41796.677082,4,0,0,996796,1
41806.425596,4,0,0,996933,1
41807.699636,4,0,0,996912,1
41811.431929,4,0,0,996965,1
41831.253056,4,0,0,997011,1
41838.101314,4,0,0,997020,1
41843.960692,4,0,0,996966,1
41846.335767,4,0,0,996914,1
41855.443067,4,0,0,996927,1
41864.207926,4,0,0,997115,1
41866.962283,4,0,0,997150,1
41871.003443,4,0,0,997276,1
41876.438281,4,0,0,997286,1
41883.871848,4,0,0,997082,1
41886.690883,4,0,0,997185,1
41888.617256,4,0,0,997184,1
41889.337635,4,0,0,997232,1
41895.451249,4,0,0,997333,1
41902.023143,4,0,0,997451,1
41903.045976,4,0,0,997475,1
41912.350807,4,0,0,997037,1
41913.200963,4,0,0,997077,1
41921.586710,4,0,0,997131,1
41922.246708,4,0,0,997163,1
41927.158982,4,0,0,997270,1
41930.664709,4,0,0,997306,1
41931.351364,4,0,0,997334,1
41937.356423,4,0,0,997165,1
41944.323743,4,0,0,997190,1
41954.908753,4,0,0,997321,1
41958.149050,4,0,0,997385,1
41961.637211,4,0,0,997308,1
41966.717701,4,0,0,997108,1
41978.062173,4,0,0,997024,1
41980.359688,4,0,0,997031,1
41985.788755,4,0,0,997071,1
41990.082867,4,0,0,997246,1
41991.035363,4,0,0,997308,1
41996.574229,4,0,0,997229,1
42005.725305,4,0,0,997337,1
42008.767088,4,0,0,997305,1
42023.151132,4,0,0,997474,1
42026.972687,4,0,0,997413,1
42037.227681,4,0,0,997633,1
42044.027176,4,0,0,997569,1
42046.565832,4,0,0,997544,1
42048.316309,4,0,0,997485,1
42050.727687,4,0,0,997552,1
42052.745950,4,0,0,997559,1
42052.975784,4,0,0,997569,1
42053.080298,4,0,0,997582,1
42055.524448,4,0,0,997519,1
42056.519382,4,0,0,997603,1
42065.589930,4,0,0,997730,1
42081.439205,4,0,0,997794,1
42083.057806,4,0,0,997796,1
42089.072924,4,0,0,997771,1
42091.254875,4,0,0,997735,1
42100.765352,4,0,0,997888,1
42103.563022,4,0,0,997907,1
42116.985033,4,0,0,997917,1
42122.126365,4,0,0,997860,1
42122.666843,4,0,0,997867,1
42123.316691,4,0,0,997950,1
42125.840905,4,0,0,997989,1
42129.928478,4,0,0,997794,1
42133.452145,4,0,0,997582,1
42142.941608,4,0,0,997703,1
42142.966206,4,0,0,997692,1
42143.579059,4,0,0,997704,1
42145.431271,4,0,0,997749,1
42154.496578,4,0,0,997864,1
42154.515684,4,0,0,997877,1
42158.158804,4,0,0,997844,1
42158.163117,4,0,0,997844,1
42161.881142,4,0,0,997791,1
42165.000611,4,0,0,997681,1
42165.673584,4,0,0,997650,1
42169.871788,4,0,0,997804,1
42174.498547,4,0,0,997967,1
42177.379919,4,0,0,997902,1
42185.019287,4,0,0,998022,1
42185.315319,4,0,0,998018,1
42187.205898,4,0,0,998082,1
42190.333689,4,0,0,998008,1
42192.243341,4,0,0,998032,1
42192.859543,4,0,0,998039,1
42193.441537,4,0,0,998007,1
42200.547434,4,0,0,997941,1
42202.032703,4,0,0,997913,1
42207.237895,4,0,0,997922,1
42216.201039,4,0,0,998183,1
42217.850440,4,0,0,998288,1
42218.838564,4,0,0,998370,1
42222.909619,4,0,0,998436,1
42230.624325,4,0,0,998580,1
42232.697675,4,0,0,998512,1
42241.393874,4,0,0,998531,1
42260.162676,4,0,0,998791,1
42265.234718,4,0,0,998838,1
42275.963268,4,0,0,998741,1
42276.423188,4,0,0,998759,1
42278.699931,4,0,0,998779,1
42288.301514,4,0,0,998819,1
42294.556310,4,0,0,998760,1
42295.048849,4,0,0,998785,1
42296.310532,4,0,0,998779,1
42298.236767,4,0,0,998729,1
42302.945252,4,0,0,998735,1
42309.523935,4,0,0,998818,1
42312.673433,4,0,0,998943,1
42312.804670,4,0,0,998965,1
42322.651123,4,0,0,998700,1
42335.453108,4,0,0,998905,1
42337.594042,4,0,0,998951,1
42345.529847,4,0,0,999028,1
42349.058462,4,0,0,999164,1
42352.152499,4,0,0,999318,1
42365.159414,4,0,0,999450,1
42365.198227,4,0,0,999450,1
42367.785210,4,0,0,999412,1
42369.069878,4,0,0,999428,1
42372.088597,4,0,0,999469,1
42375.108370,4,0,0,999417,1
42376.131751,4,0,0,999508,1
42380.241665,4,0,0,999673,1
42382.607786,4,0,0,999747,1
42395.741081,4,0,0,1000109,1
42408.889281,4,0,0,1000286,1
42411.191999,4,0,0,1000265,1
42417.923339,4,0,0,1000392,1
42422.579957,4,0,0,1000619,1
42424.802685,4,0,0,1000608,1
42426.258993,4,0,0,1000536,1
42438.492141,4,0,0,1000718,1
42439.494720,4,0,0,1000637,1
42446.948960,4,0,0,1000508,1
42453.657151,4,0,0,1000564,1
42454.773197,4,0,0,1000546,1
42457.004085,4,0,0,1000681,1
42459.836125,4,0,0,1000688,1
42463.149856,4,0,0,1000752,1
42467.532877,4,0,0,1000875,1
42469.591820,4,0,0,1000884,1
42473.951611,4,0,0,1000945,1
42476.704419,4,0,0,1000800,1
42491.046331,4,0,0,1001192,1
42496.679195,4,0,0,1001209,1
42500.197598,4,0,0,1001189,1
42504.155279,4,0,0,1001131,1
42504.706138,4,0,0,1001141,1
42506.246648,4,0,0,1001107,1
42512.094949,4,0,0,1001135,1
42532.052872,4,0,0,1000990,1
42533.777592,4,0,0,1000898,1
42556.168941,4,0,0,1000715,1
42558.244427,4,0,0,1000657,1
42561.135435,4,0,0,1000690,1
42578.657326,4,0,0,1000715,1
42587.018844,4,0,0,1000640,1
42590.599890,4,0,0,1000671,1
42609.972424,4,0,0,1000529,1
42630.657176,4,0,0,1000516,1
42631.470802,4,0,0,1000503,1
42638.864552,4,0,0,1000558,1
42640.376777,4,0,0,1000504,1
42642.104818,4,0,0,1000494,1
42644.810426,4,0,0,1000491,1
42647.908873,4,0,0,1000394,1
42648.604282,4,0,0,1000396,1
42655.504049,4,0,0,1000389,1
42655.663892,4,0,0,1000408,1
42671.163657,4,0,0,1000188,1
42672.648425,4,0,0,1000100,1
42678.508732,4,0,0,999905,1
42682.147243,4,0,0,999925,1
42690.878327,4,0,0,999847,1
42691.968720,4,0,0,999795,1
42692.116082,4,0,0,999800,1
42693.043344,4,0,0,999841,1
42698.501539,4,0,0,1000061,1
42706.527925,4,0,0,1000235,1
42707.356169,4,0,0,1000206,1
42711.463273,4,0,0,1000352,1
42711.727385,4,0,0,1000333,1
42720.117709,4,0,0,1000392,1
42720.568714,4,0,0,1000417,1
42721.493276,4,0,0,1000347,1
42726.517694,4,0,0,1000361,1
42729.550884,4,0,0,1000369,1
42731.084435,4,0,0,1000503,1
42744.759312,4,0,0,1000388,1
42748.690998,4,0,0,1000462,1
42749.527535,4,0,0,1000454,1
42752.150601,4,0,0,1000461,1
42758.028673,4,0,0,1000347,1
42760.951083,4,0,0,1000430,1
42761.485531,4,0,0,1000475,1
42762.396659,4,0,0,1000532,1
42763.769317,4,0,0,1000432,1
42767.549209,4,0,0,1000251,1
42772.371543,4,0,0,1000242,1
42775.462977,4,0,0,1000341,1
42776.602982,4,0,0,1000384,1
42778.614393,4,0,0,1000365,1
42788.396521,4,0,0,1000256,1
42789.722100,4,0,0,1000352,1
42794.882719,4,0,0,1000512,1
42797.200660,4,0,0,1000456,1
42812.445020,4,0,0,1000440,1
42812.484153,4,0,0,1000439,1
42814.293470,4,0,0,1000578,1
42821.083594,4,0,0,1000668,1
42821.219436,4,0,0,1000689,1
42823.543004,4,0,0,1000621,1
42838.240411,4,0,0,1000670,1
42843.615093,4,0,0,1000656,1
42844.176889,4,0,0,1000661,1
42844.644085,4,0,0,1000675,1
42858.264430,4,0,0,1000658,1
42870.447179,4,0,0,1000470,1
42871.335225,4,0,0,1000525,1
42880.953816,4,0,0,1000377,1
42887.546329,4,0,0,1000275,1
42889.974149,4,0,0,1000132,1
42891.307200,4,0,0,1000152,1
42892.006780,4,0,0,1000157,1
42893.047298,4,0,0,1000123,1
42896.548237,4,0,0,1000042,1
42896.663133,4,0,0,1000045,1
42901.444330,4,0,0,1000013,1
42905.862304,4,0,0,999905,1
42910.742906,4,0,0,999955,1
42918.988617,4,0,0,1000085,1
42919.274174,4,0,0,1000095,1
42935.330527,4,0,0,1000263,1
42938.588163,4,0,0,1000285,1
42941.650407,4,0,0,1000419,1
42942.509388,4,0,0,1000461,1
42947.647666,4,0,0,1000423,1
42957.468506,4,0,0,1000593,1
42957.849421,4,0,0,1000604,1
42959.622953,4,0,0,1000570,1
42966.689511,4,0,0,1000480,1
42966.877915,4,0,0,1000474,1
42971.024629,4,0,0,1000275,1
42972.222421,4,0,0,1000234,1
42975.894498,4,0,0,1000187,1
42976.607995,4,0,0,1000122,1
42978.689705,4,0,0,1000060,1
42980.804856,4,0,0,999989,1
42983.266968,4,0,0,999869,1
43000.509476,4,0,0,999842,1
43001.202757,4,0,0,999851,1
43002.724934,4,0,0,999872,1
43008.094721,4,0,0,1000005,1
43010.197900,4,0,0,999992,1
43022.381441,4,0,0,999909,1
43024.613823,4,0,0,999910,1
43040.541127,4,0,0,1000158,1
43041.529342,4,0,0,1000237,1
43044.542232,4,0,0,1000189,1
43048.123741,4,0,0,1000227,1
43052.199663,4,0,0,1000211,1
43054.634739,4,0,0,1000255,1
43058.333331,4,0,0,1000021,1
43059.630678,4,0,0,999997,1
43061.026816,4,0,0,999887,1
43061.402712,4,0,0,999791,1
43065.124189,4,0,0,999828,1
43068.331904,4,0,0,999746,1
43084.768100,4,0,0,1000008,1
43092.140819,4,0,0,1000115,1
43097.797599,4,0,0,1000264,1
43099.400585,4,0,0,1000316,1
43100.611186,4,0,0,1000291,1
43106.217803,4,0,0,1000334,1
43107.415226,4,0,0,1000252,1
43107.784772,4,0,0,1000215,1
43109.717554,4,0,0,1000250,1
43113.543857,4,0,0,1000424,1
43114.611677,4,0,0,1000435,1
43115.178318,4,0,0,1000393,1
43124.751065,4,0,0,1000380,1
43127.682911,4,0,0,1000431,1
43127.703276,4,0,0,1000438,1
43129.065269,4,0,0,1000447,1
43129.286101,4,0,0,1000488,1
43130.691894,4,0,0,1000552,1
43133.334669,4,0,0,1000585,1
43134.075809,4,0,0,1000570,1
43147.288954,4,0,0,1001003,1
43150.256153,4,0,0,1000965,1
43159.660271,4,0,0,1000915,1
43167.955821,4,0,0,1000780,1
43168.549071,4,0,0,1000790,1
43169.004675,4,0,0,1000731,1
43172.958854,4,0,0,1000785,1
43173.109150,4,0,0,1000753,1
43180.561591,4,0,0,1000839,1
43182.469955,4,0,0,1000737,1
43188.535805,4,0,0,1000575,1
43189.556340,4,0,0,1000535,1
43191.397086,4,0,0,1000545,1
43196.344576,4,0,0,1000513,1
43197.568607,4,0,0,1000455,1
43198.670273,4,0,0,1000443,1
43200.737368,4,0,0,1000481,1
43200.775416,4,0,0,1000463,1
43206.590023,4,0,0,1000611,1
43207.165133,4,0,0,1000608,1
43208.436017,4,0,0,1000456,1
43208.739922,4,0,0,1000459,1
43211.556166,4,0,0,1000439,1
43213.077462,4,0,0,1000408,1
43216.534245,4,0,0,1000373,1
43221.900509,4,0,0,1000319,1
43222.933916,4,0,0,1000356,1
43224.862040,4,0,0,1000368,1
43228.824845,4,0,0,1000427,1
43230.144502,4,0,0,1000413,1
43241.928496,4,0,0,1000630,1
43242.118209,4,0,0,1000627,1
43242.893585,4,0,0,1000652,1
43244.560091,4,0,0,1000641,1
43250.022260,4,0,0,1000622,1
43250.474554,4,0,0,1000652,1
43260.856931,4,0,0,1000784,1
43272.091391,4,0,0,1000790,1
43277.075091,4,0,0,1000803,1
43279.391385,4,0,0,1000776,1
43280.950099,4,0,0,1000816,1
43282.962803,4,0,0,1000841,1
43293.086654,4,0,0,1000974,1
43296.702543,4,0,0,1000993,1
43309.304322,4,0,0,1000989,1
43312.613614,4,0,0,1001066,1
43313.743027,4,0,0,1001059,1
43314.222631,4,0,0,1001085,1
43319.558679,4,0,0,1001202,1
43321.221318,4,0,0,1001297,1
43326.022625,4,0,0,1001316,1
43338.791033,4,0,0,1001363,1
43338.874891,4,0,0,1001377,1
43339.142082,4,0,0,1001381,1
43341.090366,4,0,0,1001422,1
43342.849895,4,0,0,1001434,1
43345.189685,4,0,0,1001434,1
43347.999709,4,0,0,1001379,1
43350.529302,4,0,0,1001395,1
43351.009727,4,0,0,1001417,1
43352.946430,4,0,0,1001440,1
43353.559424,4,0,0,1001433,1
43354.673665,4,0,0,1001450,1
43358.988107,4,0,0,1001611,1
43359.230299,4,0,0,1001613,1
43360.862845,4,0,0,1001579,1
43365.219318,4,0,0,1001759,1
43366.700366,4,0,0,1001735,1
43370.215110,4,0,0,1001882,1
43373.009901,4,0,0,1001935,1
43377.598377,4,0,0,1001803,1
43386.485958,4,0,0,1001789,1
43388.071313,4,0,0,1001784,1
43398.323499,4,0,0,1001761,1
43403.293032,4,0,0,1001745,1
43405.822568,4,0,0,1001807,1
43413.503186,4,0,0,1001872,1
43416.220587,4,0,0,1001995,1
43421.522338,4,0,0,1001985,1
43431.414575,4,0,0,1001991,1
43433.274639,4,0,0,1002047,1
43436.317575,4,0,0,1002054,1
43438.771334,4,0,0,1002034,1
43439.360988,4,0,0,1002054,1
43439.886862,4,0,0,1002025,1
43440.413946,4,0,0,1001992,1
43450.322013,4,0,0,1001941,1
43461.120130,4,0,0,1002051,1
43463.105534,4,0,0,1002120,1
43473.423428,4,0,0,1001985,1
43486.907117,4,0,0,1001910,1
43493.720441,4,0,0,1001972,1
43495.007818,4,0,0,1001995,1
43500.580747,4,0,0,1001917,1
43502.062181,4,0,0,1001979,1
43511.485295,4,0,0,1001954,1
43523.732927,4,0,0,1001954,1
43544.455790,4,0,0,1001829,1
43550.827099,4,0,0,1001980,1
43552.124251,4,0,0,1002048,1
43560.163239,4,0,0,1002030,1
43561.335748,4,0,0,1002103,1
43561.924475,4,0,0,1002146,1
43562.695654,4,0,0,1002182,1
43564.089443,4,0,0,1002188,1
43568.287167,4,0,0,1002286,1
43576.230812,4,0,0,1002208,1
43577.625523,4,0,0,1002186,1
43581.535127,4,0,0,1002172,1
43591.784406,4,0,0,1002274,1
43594.760843,4,0,0,1002390,1
43594.975105,4,0,0,1002351,1
43598.739128,4,0,0,1002349,1
43611.048722,4,0,0,1002226,1
43613.542571,4,0,0,1002269,1
43615.593655,4,0,0,1002180,1
43618.753008,4,0,0,1002340,1
43622.467748,4,0,0,1002292,1
43622.871622,4,0,0,1002339,1
43626.086289,4,0,0,1002234,1
43627.399624,4,0,0,1002266,1
43632.407229,4,0,0,1002450,1
43635.993433,4,0,0,1002573,1
43640.004532,4,0,0,1002465,1
43647.546732,4,0,0,1002310,1
43651.118121,4,0,0,1002168,1
43652.739071,4,0,0,1002200,1
43653.278064,4,0,0,1002148,1
43653.694272,4,0,0,1002208,1
43655.953095,4,0,0,1002271,1
43657.884281,4,0,0,1002374,1
43659.585974,4,0,0,1002346,1
43666.179105,4,0,0,1002323,1
43670.526219,4,0,0,1002329,1
43684.259189,4,0,0,1002072,1
43684.945594,4,0,0,1002017,1
43685.679173,4,0,0,1002025,1
43688.034831,4,0,0,1001998,1
43698.727721,4,0,0,1001986,1
43706.065509,4,0,0,1001828,1
43709.006990,4,0,0,1001880,1
43725.268734,4,0,0,1002141,1
43726.137322,4,0,0,1002160,1
43731.784712,4,0,0,1002101,1
43742.565492,4,0,0,1002229,1
43753.249435,4,0,0,1002355,1
43754.068796,4,0,0,1002367,1
43755.214251,4,0,0,1002319,1
43768.489534,4,0,0,1001960,1
43784.670902,4,0,0,1002313,1
43787.722052,4,0,0,1002353,1
43788.264258,4,0,0,1002341,1
43797.776526,4,0,0,1002226,1
43813.422190,4,0,0,1001754,1
43814.092858,4,0,0,1001796,1
43814.127002,4,0,0,1001796,1
43818.489708,4,0,0,1001824,1
43832.254947,4,0,0,1001792,1
43834.591653,4,0,0,1001785,1
43836.062797,4,0,0,1001816,1
43839.216663,4,0,0,1001698,1
43841.799747,4,0,0,1001645,1
43843.498589,4,0,0,1001678,1
43852.038691,4,0,0,1001838,1
43863.343472,4,0,0,1001895,1
43864.446299,4,0,0,1001920,1
43864.589590,4,0,0,1001904,1
43868.598186,4,0,0,1001836,1
43872.956680,4,0,0,1001861,1
43874.047440,4,0,0,1001867,1
43874.371312,4,0,0,1001862,1
43875.082133,4,0,0,1001862,1
43876.912492,4,0,0,1001753,1
43878.665229,4,0,0,1001649,1
43879.069184,4,0,0,1001669,1
43881.189322,4,0,0,1001669,1
43888.605358,4,0,0,1001557,1
43889.789974,4,0,0,1001572,1
43890.003805,4,0,0,1001653,1
43892.546498,4,0,0,1001602,1
43893.921631,4,0,0,1001624,1
43898.969802,4,0,0,1001615,1
43901.212673,4,0,0,1001572,1
43916.335643,4,0,0,1001414,1
43923.076773,4,0,0,1001552,1
43929.030625,4,0,0,1001484,1
43929.285735,4,0,0,1001440,1
43931.052741,4,0,0,1001556,1
43934.305218,4,0,0,1001496,1
43945.411416,4,0,0,1001614,1
43959.853924,4,0,0,1001656,1
43959.870445,4,0,0,1001654,1
43964.510716,4,0,0,1001836,1
43976.691780,4,0,0,1001662,1
43982.452967,4,0,0,1001693,1
43989.894046,4,0,0,1001748,1
43990.597328,4,0,0,1001686,1
43992.640624,4,0,0,1001625,1
43992.848874,4,0,0,1001643,1
43994.595338,4,0,0,1001776,1
44004.063781,4,0,0,1001871,1
44008.068280,4,0,0,1001634,1
44024.111821,4,0,0,1001843,1
44024.269058,4,0,0,1001810,1
44027.502737,4,0,0,1001726,1
44032.460552,4,0,0,1001718,1
44032.481274,4,0,0,1001719,1
44035.758971,4,0,0,1001702,1
44036.062835,4,0,0,1001694,1
44040.475005,4,0,0,1001941,1
44048.786804,4,0,0,1001722,1
44052.155810,4,0,0,1001745,1
44061.185146,4,0,0,1001895,1
44065.731447,4,0,0,1001965,1
44067.777430,4,0,0,1001845,1
44077.453748,4,0,0,1002051,1
44080.599413,4,0,0,1002165,1
44087.628080,4,0,0,1002047,1
44094.080924,4,0,0,1001954,1
44096.912902,4,0,0,1002066,1
44100.305012,4,0,0,1002079,1
44105.117254,4,0,0,1001963,1
44115.588451,4,0,0,1002032,1
44116.505378,4,0,0,1001991,1
44141.582689,4,0,0,1001703,1
44142.119918,4,0,0,1001624,1
44142.844053,4,0,0,1001639,1
44142.929973,4,0,0,1001627,1
44143.881937,4,0,0,1001578,1
44150.900374,4,0,0,1001507,1
44157.116590,4,0,0,1001598,1
44167.654863,4,0,0,1001571,1
44173.331979,4,0,0,1001673,1
44176.861644,4,0,0,1001658,1
44177.959332,4,0,0,1001716,1
44184.913494,4,0,0,1001931,1
44192.379362,4,0,0,1001922,1
44194.358670,4,0,0,1001915,1
44196.988404,4,0,0,1001777,1
44200.651780,4,0,0,1001722,1
44200.869937,4,0,0,1001762,1
44207.456871,4,0,0,1001847,1
44211.186040,4,0,0,1001685,1
44211.293806,4,0,0,1001668,1
44212.739697,4,0,0,1001628,1
44214.782888,4,0,0,1001628,1
44221.507091,4,0,0,1001631,1
44222.967867,4,0,0,1001627,1
44232.491607,4,0,0,1001679,1
44232.860719,4,0,0,1001678,1
44233.282768,4,0,0,1001657,1
44252.438473,4,0,0,1001688,1
44257.806391,4,0,0,1001374,1
44264.376752,4,0,0,1001246,1
44278.058336,4,0,0,1001207,1
44279.454849,4,0,0,1001242,1
44286.942927,4,0,0,1001315,1
44289.231885,4,0,0,1001410,1
44296.470319,4,0,0,1001562,1
44303.808232,4,0,0,1001583,1
44303.953362,4,0,0,1001586,1
44304.645896,4,0,0,1001608,1
44306.762622,4,0,0,1001568,1
44310.412109,4,0,0,1001521,1
44322.568677,4,0,0,1001547,1
44324.425701,4,0,0,1001470,1
44324.557202,4,0,0,1001473,1
44333.975243,4,0,0,1001504,1
44339.842144,4,0,0,1001673,1
44345.413024,4,0,0,1001520,1
44347.893318,4,0,0,1001470,1
44360.157549,4,0,0,1001670,1
44360.917397,4,0,0,1001643,1
44365.586195,4,0,0,1001670,1
44376.924143,4,0,0,1001536,1
44376.962684,4,0,0,1001549,1
44380.313576,4,0,0,1001422,1
44388.701412,4,0,0,1001337,1
44390.493432,4,0,0,1001280,1
44393.386440,4,0,0,1001380,1
44417.148183,4,0,0,1001384,1
44421.990303,4,0,0,1001181,1
44422.291543,4,0,0,1001226,1
44425.972679,4,0,0,1001075,1
44431.172225,4,0,0,1001094,1
44438.674529,4,0,0,1001209,1
44438.863189,4,0,0,1001196,1
44441.827029,4,0,0,1001129,1
44444.837930,4,0,0,1001009,1
44445.977185,4,0,0,1000919,1
44460.362913,4,0,0,1001388,1
44460.623332,4,0,0,1001414,1
44470.720182,4,0,0,1001601,1
44472.132487,4,0,0,1001493,1
44476.849501,4,0,0,1001423,1
44489.768605,4,0,0,1001155,1
44496.466323,4,0,0,1001244,1
44507.608571,4,0,0,1001532,1
44513.162665,4,0,0,1001446,1
44518.262626,4,0,0,1001352,1
44522.129110,4,0,0,1001482,1
44528.533352,4,0,0,1001326,1
44528.981178,4,0,0,1001346,1
44530.202270,4,0,0,1001314,1
44532.440457,4,0,0,1001366,1
44532.686681,4,0,0,1001353,1
44533.518871,4,0,0,1001279,1
44539.675271,4,0,0,1001294,1
44541.975189,4,0,0,1001175,1
44544.267884,4,0,0,1001206,1
44550.310310,4,0,0,1001436,1
44552.890272,4,0,0,1001537,1
44564.535508,4,0,0,1001286,1
44566.015287,4,0,0,1001184,1
44572.489777,4,0,0,1000846,1
44578.365833,4,0,0,1000713,1
44591.606743,4,0,0,1000426,1
44593.016239,4,0,0,1000365,1
44608.302542,4,0,0,1000742,1
44610.449626,4,0,0,1000768,1
44610.475190,4,0,0,1000768,1
44612.137677,4,0,0,1000721,1
44613.053616,4,0,0,1000727,1
44616.666143,4,0,0,1000773,1
44616.808965,4,0,0,1000776,1
44617.610724,4,0,0,1000814,1
44632.281246,4,0,0,1000990,1
44636.528839,4,0,0,1000917,1
44640.820788,4,0,0,1000802,1
44645.015865,4,0,0,1000936,1
44651.078551,4,0,0,1000756,1
44652.676205,4,0,0,1000778,1
44658.804458,4,0,0,1000811,1
44668.183981,4,0,0,1001061,1
44671.764122,4,0,0,1000989,1
44672.425363,4,0,0,1000928,1
44678.685238,4,0,0,1001116,1
44684.454086,4,0,0,1001007,1
44696.196832,4,0,0,1000597,1
44696.565462,4,0,0,1000556,1
44702.069391,4,0,0,1000549,1
44702.489633,4,0,0,1000589,1
44703.542046,4,0,0,1000614,1
44716.340276,4,0,0,1000591,1
44725.531555,4,0,0,1000464,1
44742.942210,4,0,0,1000470,1
44744.874125,4,0,0,1000514,1
44747.510575,4,0,0,1000449,1
44760.422575,4,0,0,1000487,1
44773.335283,4,0,0,1000795,1
44773.827500,4,0,0,1000789,1
44773.981195,4,0,0,1000783,1
44774.975672,4,0,0,1000770,1
44778.459962,4,0,0,1000789,1
44778.770252,4,0,0,1000771,1
44785.532138,4,0,0,1000884,1
44790.069296,4,0,0,1000929,1
44792.217331,4,0,0,1000981,1
44796.540183,4,0,0,1000937,1
44810.064806,4,0,0,1001089,1
44810.503386,4,0,0,1001143,1
44815.712246,4,0,0,1001117,1
44823.261296,4,0,0,1001071,1
44835.175105,4,0,0,1001055,1
44836.127055,4,0,0,1001022,1
44843.010595,4,0,0,1000981,1
44847.330241,4,0,0,1001101,1
44851.466468,4,0,0,1001129,1
44857.093097,4,0,0,1001087,1
44857.246980,4,0,0,1001078,1
44860.064576,4,0,0,1001000,1
44860.266132,4,0,0,1001020,1
44873.259154,4,0,0,1000856,1
44884.024892,4,0,0,1000854,1
44890.556752,4,0,0,1000860,1
44896.156782,4,0,0,1000656,1
44898.887112,4,0,0,1000633,1
44903.325409,4,0,0,1000674,1
44908.744794,4,0,0,1000414,1
44909.025180,4,0,0,1000378,1
44922.288373,4,0,0,1000372,1
44930.625899,4,0,0,1000321,1
44930.964201,4,0,0,1000330,1
44934.935118,4,0,0,1000437,1
44939.691894,4,0,0,1000430,1
44940.241344,4,0,0,1000440,1
44941.029677,4,0,0,1000448,1
44950.789909,4,0,0,1000098,1
44953.215368,4,0,0,1000059,1
44956.426187,4,0,0,1000035,1
44961.615274,4,0,0,1000133,1
44967.025831,4,0,0,1000069,1
44968.748741,4,0,0,1000101,1
44971.161456,4,0,0,1000143,1
44972.995974,4,0,0,1000053,1
44974.229528,4,0,0,999954,1
44984.164296,4,0,0,1000124,1
44987.591632,4,0,0,1000046,1
44993.689015,4,0,0,1000170,1
45000.574067,4,0,0,1000176,1
45005.709677,4,0,0,1000251,1
45019.511638,4,0,0,999886,1
45023.879817,4,0,0,1000107,1
45027.804641,4,0,0,999829,1
45030.669226,4,0,0,999711,1
45031.345824,4,0,0,999722,1
45039.725902,4,0,0,999881,1
45045.463102,4,0,0,999961,1
45045.923648,4,0,0,999990,1
45051.694354,4,0,0,999857,1
45052.142062,4,0,0,999870,1
45053.467568,4,0,0,999947,1
45055.817146,4,0,0,999821,1
45057.042502,4,0,0,999758,1
45058.398337,4,0,0,999769,1
45063.630130,4,0,0,999930,1
45077.765931,4,0,0,1000066,1
45084.537828,4,0,0,999926,1
45085.161620,4,0,0,999904,1
45088.239256,4,0,0,999872,1
45088.465818,4,0,0,999835,1
45094.401631,4,0,0,999981,1
45099.029348,4,0,0,999928,1
45100.335952,4,0,0,999896,1
45103.038823,4,0,0,999910,1
45103.513158,4,0,0,999913,1
45104.173573,4,0,0,999960,1
45107.387530,4,0,0,999931,1
45108.338011,4,0,0,999922,1
45118.623627,4,0,0,999663,1
45120.133347,4,0,0,999614,1
45125.756484,4,0,0,999577,1
45128.085630,4,0,0,999616,1
45130.502736,4,0,0,999567,1
45130.863235,4,0,0,999587,1
45136.180794,4,0,0,999611,1
45140.440156,4,0,0,999293,1
45141.075362,4,0,0,999282,1
45146.185835,4,0,0,999354,1
45150.236563,4,0,0,999227,1
45152.351428,4,0,0,999256,1
45159.435020,4,0,0,999293,1
45161.734370,4,0,0,999170,1
45167.980206,4,0,0,999394,1
45168.945057,4,0,0,999447,1
45169.247723,4,0,0,999484,1
45178.735000,4,0,0,999673,1
45184.437697,4,0,0,1000074,1
45188.007832,4,0,0,1000085,1
45189.140067,4,0,0,999987,1
45189.489596,4,0,0,999926,1
45198.076457,4,0,0,999853,1
45198.480391,4,0,0,999849,1
45198.760329,4,0,0,999848,1
45203.807186,4,0,0,999801,1
45207.185800,4,0,0,999918,1
45207.198810,4,0,0,999922,1
45207.911165,4,0,0,999988,1
45215.828542,4,0,0,999689,1
45217.222179,4,0,0,999605,1
45223.245206,4,0,0,999489,1
45223.512365,4,0,0,999462,1
45229.771600,4,0,0,999585,1
45231.354846,4,0,0,999518,1
45236.576751,4,0,0,999448,1
45241.914284,4,0,0,999561,1
45244.552416,4,0,0,999623,1
45247.243084,4,0,0,999590,1
45256.731764,4,0,0,999770,1
45259.824215,4,0,0,999891,1
45262.050044,4,0,0,999854,1
45272.992745,4,0,0,999966,1
45278.805607,4,0,0,1000133,1
45281.379362,4,0,0,1000195,1
45283.655967,4,0,0,1000214,1
45290.008537,4,0,0,1000512,1
45290.456412,4,0,0,1000457,1
45291.628486,4,0,0,1000423,1
45295.428958,4,0,0,1000608,1
45300.344112,4,0,0,1000681,1
45302.152126,4,0,0,1000726,1
45308.549851,4,0,0,1000764,1
45310.442328,4,0,0,1000781,1
45325.534380,4,0,0,1000686,1
45339.635891,4,0,0,1000639,1
45344.852897,4,0,0,1000805,1
45366.644894,4,0,0,1000563,1
45376.069853,4,0,0,1000391,1
45376.694989,4,0,0,1000306,1
45379.774547,4,0,0,1000227,1
45381.620055,4,0,0,1000236,1
45387.751800,4,0,0,1000300,1
45393.835762,4,0,0,1000306,1
45393.869353,4,0,0,1000290,1
45395.788798,4,0,0,1000452,1
45398.452341,4,0,0,1000466,1
45403.637601,4,0,0,1000453,1
45418.438440,4,0,0,1000338,1
45419.526987,4,0,0,1000307,1
45421.067800,4,0,0,1000395,1
45435.786558,4,0,0,1000784,1
45437.141339,4,0,0,1000787,1
45437.529846,4,0,0,1000802,1
45443.981737,4,0,0,1000794,1
45448.967016,4,0,0,1000701,1
45449.834463,4,0,0,1000663,1
45454.818954,4,0,0,1000600,1
45464.397373,4,0,0,1000622,1
45468.949649,4,0,0,1000626,1
45479.749226,4,0,0,1000509,1
45494.061724,4,0,0,999984,1
45501.688384,4,0,0,999866,1
45506.231127,4,0,0,999906,1
45511.871726,4,0,0,999920,1
45520.751929,4,0,0,999873,1
45523.167694,4,0,0,999784,1
45523.850123,4,0,0,999766,1
45530.818241,4,0,0,999874,1
45532.716822,4,0,0,999896,1
45533.200045,4,0,0,999880,1
45535.965502,4,0,0,999865,1
45537.969674,4,0,0,999988,1
45539.345000,4,0,0,1000052,1
45541.958920,4,0,0,999995,1
45543.363689,4,0,0,999879,1
45544.962824,4,0,0,999816,1
45562.664305,4,0,0,999779,1
45563.244864,4,0,0,999775,1
45566.330857,4,0,0,999796,1
45567.541298,4,0,0,999751,1
45579.073841,4,0,0,999784,1
45585.682712,4,0,0,999955,1
45588.507804,4,0,0,1000058,1
45597.732307,4,0,0,999856,1
45601.094354,4,0,0,999937,1
45601.227835,4,0,0,999941,1
45606.137061,4,0,0,999940,1
45610.657505,4,0,0,999772,1
45617.506902,4,0,0,999777,1
45618.229522,4,0,0,999799,1
45631.892852,4,0,0,999866,1
45634.206378,4,0,0,999809,1
45637.345259,4,0,0,999694,1
45639.727012,4,0,0,999782,1
45664.501365,4,0,0,999642,1
45665.876258,4,0,0,999671,1
45673.247891,4,0,0,999740,1
45687.887298,4,0,0,999887,1
45691.055763,4,0,0,999810,1
45694.282333,4,0,0,999752,1
45694.998120,4,0,0,999734,1
45700.004007,4,0,0,999900,1
45704.994199,4,0,0,999774,1
45711.458317,4,0,0,999836,1
45720.217916,4,0,0,999788,1
45754.131885,4,0,0,1000006,1
45759.217255,4,0,0,1000012,1
45765.605923,4,0,0,1000168,1
45773.077570,4,0,0,1000134,1
45773.833567,4,0,0,1000168,1
45776.095111,4,0,0,1000224,1
45778.124010,4,0,0,1000293,1
45784.724535,4,0,0,1000517,1
45799.884218,4,0,0,1000170,1
45800.581198,4,0,0,1000200,1
45811.929421,4,0,0,1000248,1
45817.739316,4,0,0,1000255,1
45821.629962,4,0,0,1000114,1
45822.387437,4,0,0,1000158,1
45826.407041,4,0,0,1000182,1
45840.959804,4,0,0,1000141,1
45843.789808,4,0,0,1000233,1
45847.685041,4,0,0,1000281,1
45857.698924,4,0,0,1000314,1
45861.997426,4,0,0,1000221,1
45866.993645,4,0,0,1000081,1
45868.065805,4,0,0,1000046,1
45877.358599,4,0,0,1000355,1
45880.490036,4,0,0,1000268,1
45884.983565,4,0,0,1000193,1
45885.606190,4,0,0,1000187,1
45887.853647,4,0,0,1000162,1
45889.373992,4,0,0,1000122,1
45893.025421,4,0,0,999925,1
45894.550291,4,0,0,999938,1
45898.660604,4,0,0,999983,1
45900.091548,4,0,0,999957,1
45904.565455,4,0,0,999942,1
45906.659710,4,0,0,1000033,1
45908.106278,4,0,0,999929,1
45908.479106,4,0,0,999971,1
45914.919669,4,0,0,1000120,1
45917.524158,4,0,0,1000010,1
45918.202672,4,0,0,999991,1
45918.512094,4,0,0,999959,1
45928.109758,4,0,0,999986,1
45929.877360,4,0,0,999934,1
45933.750975,4,0,0,999991,1
45936.911116,4,0,0,1000052,1
45945.680320,4,0,0,1000235,1
45949.028393,4,0,0,1000326,1
45951.628296,4,0,0,1000410,1
45952.032843,4,0,0,1000440,1
45953.734065,4,0,0,1000457,1
45962.391491,4,0,0,1000319,1
45974.117645,4,0,0,1000484,1
45974.873715,4,0,0,1000490,1
45975.992367,4,0,0,1000595,1
45980.364360,4,0,0,1000569,1
45992.553256,4,0,0,1000544,1
45993.030782,4,0,0,1000500,1
46002.617139,4,0,0,1000402,1
46002.756200,4,0,0,1000383,1
46004.054325,4,0,0,1000349,1
46006.003662,4,0,0,1000332,1
46018.047953,4,0,0,1000574,1
46020.972782,4,0,0,1000575,1
46029.322668,4,0,0,1000606,1
46029.611905,4,0,0,1000658,1
46037.163194,4,0,0,1000656,1
46039.402168,4,0,0,1000682,1
46052.674094,4,0,0,1000516,1
46063.775203,4,0,0,1000424,1
46066.492844,4,0,0,1000461,1
46070.115338,4,0,0,1000474,1
46081.989930,4,0,0,1000435,1
46082.510562,4,0,0,1000387,1
46083.460599,4,0,0,1000402,1
46083.992711,4,0,0,1000462,1
46092.328360,4,0,0,1000582,1
46092.567610,4,0,0,1000578,1
46097.907504,4,0,0,1000671,1
46103.858621,4,0,0,1000681,1
46113.958802,4,0,0,1000667,1
46118.376481,4,0,0,1000871,1
46129.235960,4,0,0,1001203,1
46140.964646,4,0,0,1001186,1
46144.326467,4,0,0,1001323,1
46156.790657,4,0,0,1001190,1
46159.488591,4,0,0,1001191,1
46164.942145,4,0,0,1001202,1
46169.652688,4,0,0,1001218,1
46180.794185,4,0,0,1001172,1
46187.743533,4,0,0,1001185,1
46198.987312,4,0,0,1001055,1
46199.976340,4,0,0,1001051,1
46204.044199,4,0,0,1001051,1
46214.637465,4,0,0,1001321,1
46219.582362,4,0,0,1001252,1
46232.124142,4,0,0,1001343,1
46232.363875,4,0,0,1001315,1
46235.820378,4,0,0,1001256,1
46247.835291,4,0,0,1001433,1
46252.796665,4,0,0,1001392,1
46254.497524,4,0,0,1001447,1
46267.886678,4,0,0,1001489,1
46274.600554,4,0,0,1001363,1
46278.463235,4,0,0,1001423,1
46278.663952,4,0,0,1001394,1
46282.844185,4,0,0,1001275,1
46285.743513,4,0,0,1001241,1
46291.800273,4,0,0,1001349,1
46296.076784,4,0,0,1001303,1
46302.111174,4,0,0,1001522,1
46305.325221,4,0,0,1001543,1
46306.108265,4,0,0,1001552,1
46306.739750,4,0,0,1001499,1
46307.647659,4,0,0,1001490,1
46319.702305,4,0,0,1001404,1
46322.523249,4,0,0,1001399,1
46329.105933,4,0,0,1001583,1
46333.297153,4,0,0,1001586,1
46348.852876,4,0,0,1001215,1
46350.635965,4,0,0,1001169,1
46354.505755,4,0,0,1001135,1
46366.179138,4,0,0,1001010,1
46378.708352,4,0,0,1001139,1
46380.596603,4,0,0,1001300,1
46381.862878,4,0,0,1001282,1
46383.386256,4,0,0,1001261,1
46394.658513,4,0,0,1001414,1
46396.762180,4,0,0,1001476,1
46398.460833,4,0,0,1001470,1
46405.352232,4,0,0,1001546,1
46415.555533,4,0,0,1001297,1
46416.960588,4,0,0,1001315,1
46417.721306,4,0,0,1001330,1
46424.371074,4,0,0,1001476,1
46427.332039,4,0,0,1001380,1
46437.365925,4,0,0,1001138,1
46437.522756,4,0,0,1001147,1
46441.569641,4,0,0,1001165,1
46446.774376,4,0,0,1001163,1
46452.061426,4,0,0,1001076,1
46460.050146,4,0,0,1001125,1
46463.215289,4,0,0,1001151,1
46463.277086,4,0,0,1001148,1
46465.441720,4,0,0,1001012,1
46470.833816,4,0,0,1000955,1
46477.356022,4,0,0,1001035,1
46487.685130,4,0,0,1001061,1
46491.500362,4,0,0,1001012,1
46492.799001,4,0,0,1000970,1
46493.436779,4,0,0,1000962,1
46506.506260,4,0,0,1000838,1
46509.235461,4,0,0,1000864,1
46509.325115,4,0,0,1000866,1
46510.505311,4,0,0,1000986,1
46512.816106,4,0,0,1000767,1
46517.157028,4,0,0,1000707,1
46517.382170,4,0,0,1000674,1
46520.848129,4,0,0,1000579,1
46526.335720,4,0,0,1000758,1
46547.597397,4,0,0,1000761,1
46548.743781,4,0,0,1000837,1
46553.600783,4,0,0,1000974,1
46556.470859,4,0,0,1000862,1
46562.231117,4,0,0,1000999,1
46564.460461,4,0,0,1001098,1
46569.717173,4,0,0,1001185,1
46575.663086,4,0,0,1001218,1
46579.737341,4,0,0,1001205,1
46581.808826,4,0,0,1001276,1
46587.481837,4,0,0,1001143,1
46588.226025,4,0,0,1001196,1
46598.488655,4,0,0,1001184,1
46600.338026,4,0,0,1001079,1
46602.538252,4,0,0,1001186,1
46603.797128,4,0,0,1001183,1
46608.184431,4,0,0,1001198,1
46612.238449,4,0,0,1001225,1
46617.336694,4,0,0,1001196,1
46620.028900,4,0,0,1001196,1
46626.871082,4,0,0,1001213,1
46635.234331,4,0,0,1001385,1
46635.872176,4,0,0,1001429,1
46637.923148,4,0,0,1001421,1
46639.972905,4,0,0,1001371,1
46640.434484,4,0,0,1001366,1
46647.172746,4,0,0,1001289,1
46647.854431,4,0,0,1001325,1
46651.140136,4,0,0,1001300,1
46667.722307,4,0,0,1001214,1
46677.409246,4,0,0,1001178,1
46684.126122,4,0,0,1001219,1
46688.734393,4,0,0,1001331,1
46689.628902,4,0,0,1001375,1
46697.663104,4,0,0,1001400,1
46704.232926,4,0,0,1001332,1
46710.791348,4,0,0,1001212,1
46711.756786,4,0,0,1001225,1
46722.876714,4,0,0,1001254,1
46723.467387,4,0,0,1001259,1
46728.166067,4,0,0,1001476,1
46732.102461,4,0,0,1001390,1
46734.850580,4,0,0,1001461,1
46736.197544,4,0,0,1001416,1
46746.309010,4,0,0,1001201,1
46748.647646,4,0,0,1001101,1
46751.655073,4,0,0,1000993,1
46754.750059,4,0,0,1000905,1
46764.757943,4,0,0,1000959,1
46766.785853,4,0,0,1001095,1
46782.451072,4,0,0,1001320,1
46798.123585,4,0,0,1001031,1
46800.926231,4,0,0,1001116,1
46803.117925,4,0,0,1001184,1
46804.393837,4,0,0,1001159,1
46824.523994,4,0,0,1001038,1
46830.926596,4,0,0,1001049,1
46838.707100,4,0,0,1000910,1
46843.624349,4,0,0,1000856,1
46852.794674,4,0,0,1000504,1
46860.023379,4,0,0,1000662,1
46861.575894,4,0,0,1000612,1
46862.638150,4,0,0,1000641,1
46868.690817,4,0,0,1000554,1
46881.851865,4,0,0,1000657,1
46885.378730,4,0,0,1000504,1
46885.398913,4,0,0,1000512,1
46887.823174,4,0,0,1000447,1
46890.232170,4,0,0,1000428,1
46893.752729,4,0,0,1000400,1
46908.092969,4,0,0,1000218,1
46913.122872,4,0,0,1000286,1
46913.669765,4,0,0,1000279,1
46916.947627,4,0,0,1000391,1
46920.468939,4,0,0,1000368,1
46923.308823,4,0,0,1000218,1
46941.531898,4,0,0,1000252,1
46942.460935,4,0,0,1000211,1
46943.913600,4,0,0,1000241,1
46945.992224,4,0,0,1000264,1
46953.979239,4,0,0,1000266,1
46958.082551,4,0,0,1000206,1
46960.726200,4,0,0,1000319,1
46968.419734,4,0,0,1000508,1
46969.790601,4,0,0,1000394,1
46969.825750,4,0,0,1000383,1
46971.054963,4,0,0,1000339,1
46971.217279,4,0,0,1000309,1
46971.377706,4,0,0,1000301,1
46972.098594,4,0,0,1000293,1
46980.134035,4,0,0,1000419,1
46982.648681,4,0,0,1000406,1
46987.922328,4,0,0,1000398,1
46998.406174,4,0,0,1000444,1
47005.137002,4,0,0,1000465,1
47013.596335,4,0,0,1000490,1
47013.925987,4,0,0,1000523,1
47027.913365,4,0,0,1000805,1
47028.503194,4,0,0,1000776,1
47030.787102,4,0,0,1000786,1
47032.403441,4,0,0,1000803,1
47037.273749,4,0,0,1000752,1
47041.159242,4,0,0,1000716,1
47043.522146,4,0,0,1000636,1
47047.148430,4,0,0,1000885,1
47049.172836,4,0,0,1000825,1
47053.607532,4,0,0,1000604,1
47056.775497,4,0,0,1000794,1
47057.238412,4,0,0,1000766,1
47057.426703,4,0,0,1000752,1
47068.149287,4,0,0,1000812,1
47069.071801,4,0,0,1000807,1
47078.862330,4,0,0,1000851,1
47083.455562,4,0,0,1000737,1
47086.642221,4,0,0,1000731,1
47090.496987,4,0,0,1000699,1
47091.677079,4,0,0,1000634,1
47091.971056,4,0,0,1000610,1
47091.977921,4,0,0,1000607,1
47097.499895,4,0,0,1000516,1
47104.720492,4,0,0,1000449,1
47109.110862,4,0,0,1000505,1
47111.393645,4,0,0,1000626,1
47113.494794,4,0,0,1000638,1
47119.716113,4,0,0,1000768,1
47126.349085,4,0,0,1000529,1
47128.599166,4,0,0,1000572,1
47129.223233,4,0,0,1000648,1
47133.226229,4,0,0,1000525,1
47134.057259,4,0,0,1000608,1
47139.819871,4,0,0,1000422,1
47142.193324,4,0,0,1000551,1
47145.016615,4,0,0,1000555,1
47145.529996,4,0,0,1000552,1
47164.729118,4,0,0,1000599,1
47165.383632,4,0,0,1000598,1
47170.617093,4,0,0,1000627,1
47172.571906,4,0,0,1000656,1
47173.468090,4,0,0,1000624,1
47176.212158,4,0,0,1000531,1
47188.582453,4,0,0,1000512,1
47191.362481,4,0,0,1000463,1
47202.520582,4,0,0,1000412,1
47207.530919,4,0,0,1000316,1
47211.915824,4,0,0,1000236,1
47211.945941,4,0,0,1000235,1
47214.593499,4,0,0,1000265,1
47217.264103,4,0,0,1000355,1
47218.841248,4,0,0,1000409,1
47223.001673,4,0,0,1000330,1
47228.675760,4,0,0,1000423,1
47231.090012,4,0,0,1000366,1
47233.040731,4,0,0,1000352,1
47234.067691,4,0,0,1000308,1
47234.129037,4,0,0,1000328,1
47237.655389,4,0,0,1000228,1
47237.905705,4,0,0,1000254,1
47238.860913,4,0,0,1000256,1
47249.157827,4,0,0,1000284,1
47252.269367,4,0,0,1000310,1
47271.210688,4,0,0,1000146,1
47278.486847,4,0,0,1000166,1
47278.556235,4,0,0,1000175,1
47283.533241,4,0,0,1000137,1
47283.907384,4,0,0,1000111,1
47284.593342,4,0,0,1000085,1
47284.798545,4,0,0,1000139,1
47284.977839,4,0,0,1000136,1
47293.637120,4,0,0,999917,1
47296.740850,4,0,0,999826,1
47299.492715,4,0,0,999845,1
47312.644882,4,0,0,999790,1
47314.921491,4,0,0,999666,1
47322.151288,4,0,0,999705,1
47326.840187,4,0,0,999822,1
47330.766603,4,0,0,999708,1
47339.747999,4,0,0,999778,1
47353.860235,4,0,0,999792,1
47358.430590,4,0,0,999854,1
47359.535932,4,0,0,999863,1
47360.416962,4,0,0,999874,1
47379.220244,4,0,0,999809,1
47394.582786,4,0,0,999809,1
47417.123787,4,0,0,999751,1
47426.472567,4,0,0,999641,1
47431.140785,4,0,0,999667,1
47454.455954,4,0,0,999869,1
47455.189095,4,0,0,999909,1
47459.162881,4,0,0,999783,1
47470.098878,4,0,0,999833,1
47477.390664,4,0,0,999902,1
47479.577935,4,0,0,999951,1
47484.613380,4,0,0,999864,1
47491.877342,4,0,0,999536,1
47493.972994,4,0,0,999470,1
47494.048857,4,0,0,999469,1
47494.793108,4,0,0,999466,1
47500.387461,4,0,0,999469,1
47500.872865,4,0,0,999456,1
47507.489279,4,0,0,999281,1
47509.596516,4,0,0,999268,1
47511.959086,4,0,0,999224,1
47513.202431,4,0,0,999191,1
47519.678696,4,0,0,999020,1
47521.616281,4,0,0,998854,1
47523.192738,4,0,0,998787,1
47526.599577,4,0,0,998611,1
47529.067025,4,0,0,998638,1
47533.478160,4,0,0,998649,1
47544.523175,4,0,0,998862,1
47548.760314,4,0,0,998715,1
47548.974702,4,0,0,998684,1
47550.028157,4,0,0,998781,1
47551.017018,4,0,0,998839,1
47552.435705,4,0,0,998833,1
47570.820361,4,0,0,998725,1
47580.051435,4,0,0,998567,1
47582.329905,4,0,0,998572,1
47584.781966,4,0,0,998722,1
47588.386663,4,0,0,998359,1
47592.455720,4,0,0,998427,1
47594.686788,4,0,0,998330,1
47598.905542,4,0,0,998289,1
47600.284879,4,0,0,998172,1
47602.689428,4,0,0,998287,1
47608.220822,4,0,0,998226,1
47612.308412,4,0,0,998178,1
47625.367910,4,0,0,998475,1
47626.393709,4,0,0,998451,1
47627.550403,4,0,0,998477,1
47628.941080,4,0,0,998528,1
47631.024407,4,0,0,998562,1
47636.252584,4,0,0,998639,1
47637.397729,4,0,0,998673,1
47645.267254,4,0,0,998802,1
47646.684890,4,0,0,998860,1
47655.078310,4,0,0,998913,1
47658.638068,4,0,0,998931,1
47659.971540,4,0,0,998904,1
47660.058504,4,0,0,998906,1
47660.619628,4,0,0,998932,1
47661.149918,4,0,0,998935,1
47661.293381,4,0,0,998945,1
47665.322739,4,0,0,998911,1
47666.684826,4,0,0,999012,1
47670.777305,4,0,0,998992,1
47675.296780,4,0,0,998836,1
47677.620090,4,0,0,998936,1
47680.078209,4,0,0,998927,1
47683.156637,4,0,0,998866,1
47685.916282,4,0,0,998943,1
47688.238841,4,0,0,998805,1
47690.111504,4,0,0,998740,1
47690.666617,4,0,0,998717,1
47701.280410,4,0,0,998923,1
47704.928604,4,0,0,998774,1
47710.440447,4,0,0,998876,1
47710.765194,4,0,0,998906,1
47714.688339,4,0,0,998962,1
47729.598332,4,0,0,998809,1
47734.034260,4,0,0,998792,1
47745.360920,4,0,0,998633,1
47749.334906,4,0,0,998780,1
47750.986894,4,0,0,998792,1
47758.390609,4,0,0,998859,1
47763.925915,4,0,0,998658,1
47765.960804,4,0,0,998581,1
47769.992810,4,0,0,998652,1
47771.179150,4,0,0,998659,1
47777.662798,4,0,0,998624,1
47781.387583,4,0,0,998646,1
47782.919114,4,0,0,998707,1
47785.258328,4,0,0,998878,1
47786.236447,4,0,0,998868,1
47809.952431,4,0,0,999381,1
47819.377633,4,0,0,999388,1
47833.530038,4,0,0,999242,1
47835.851203,4,0,0,999328,1
47841.589962,4,0,0,999260,1
47844.545024,4,0,0,999383,1
47847.239209,4,0,0,999338,1
47847.449586,4,0,0,999354,1
47849.096187,4,0,0,999434,1
47859.156767,4,0,0,999380,1
47859.278983,4,0,0,999361,1
47868.080983,4,0,0,999621,1
47871.260260,4,0,0,999594,1
47873.725724,4,0,0,999651,1
47888.907496,4,0,0,999652,1
47892.459654,4,0,0,999775,1
47892.850262,4,0,0,999761,1
47893.919687,4,0,0,999743,1
47900.374133,4,0,0,999857,1
47906.626034,4,0,0,999814,1
47910.237148,4,0,0,999970,1
47910.703250,4,0,0,999943,1
47911.975944,4,0,0,999963,1
47920.088973,4,0,0,999999,1
47920.755445,4,0,0,1000004,1
47938.199593,4,0,0,999865,1
47946.279699,4,0,0,999780,1
47951.605296,4,0,0,999881,1
47981.992756,4,0,0,1000210,1
47989.657213,4,0,0,1000335,1
47991.245879,4,0,0,1000363,1
48000.447200,4,0,0,1000237,1
48006.534687,4,0,0,1000304,1
48015.970103,4,0,0,1000401,1
48017.886627,4,0,0,1000407,1
48020.912383,4,0,0,1000491,1
48027.485581,4,0,0,1000314,1
48030.005099,4,0,0,1000230,1
48030.101093,4,0,0,1000242,1
48031.986795,4,0,0,1000183,1
48032.476400,4,0,0,1000161,1
48036.695337,4,0,0,1000123,1
48045.341373,4,0,0,1000224,1
48045.383223,4,0,0,1000229,1
48055.397104,4,0,0,1000082,1
48056.063099,4,0,0,1000089,1
48057.245188,4,0,0,1000063,1
48063.537119,4,0,0,1000143,1
48064.948354,4,0,0,1000199,1
48087.679320,4,0,0,1000052,1
48087.853058,4,0,0,1000046,1
48091.241428,4,0,0,999971,1
48091.678695,4,0,0,999969,1
48106.489207,4,0,0,1000093,1
48112.944795,4,0,0,1000263,1
48113.188762,4,0,0,1000280,1
48121.175346,4,0,0,1000310,1
48122.603972,4,0,0,1000246,1
48126.013781,4,0,0,1000310,1
48136.600042,4,0,0,1000207,1
48137.897622,4,0,0,1000117,1
48150.653995,4,0,0,1000412,1
48150.678044,4,0,0,1000422,1
48158.397502,4,0,0,1000516,1
48158.711961,4,0,0,1000519,1
48161.592141,4,0,0,1000565,1
48164.213961,4,0,0,1000573,1
48164.288532,4,0,0,1000568,1
48167.418725,4,0,0,1000672,1
48176.406493,4,0,0,1000584,1
48180.843254,4,0,0,1000493,1
48182.549385,4,0,0,1000502,1
48200.086038,4,0,0,1000283,1
48217.752801,4,0,0,1000393,1
48219.348098,4,0,0,1000304,1
48237.944616,4,0,0,1000009,1
48240.358350,4,0,0,1000134,1
48242.482442,4,0,0,1000208,1
48245.919214,4,0,0,1000246,1
48251.571860,4,0,0,1000065,1
48269.640740,4,0,0,999829,1
48271.215817,4,0,0,999945,1
48271.684327,4,0,0,999941,1
48273.339822,4,0,0,1000037,1
48281.663026,4,0,0,1000016,1
48289.958035,4,0,0,1000143,1
48297.515712,4,0,0,1000283,1
48299.828867,4,0,0,1000293,1
48302.383212,4,0,0,1000249,1
48302.933297,4,0,0,1000269,1
48311.158104,4,0,0,1000297,1
48312.918776,4,0,0,1000310,1
48319.477613,4,0,0,1000255,1
48322.996746,4,0,0,1000349,1
48333.450724,4,0,0,1000312,1
48335.423461,4,0,0,1000301,1
48339.292131,4,0,0,1000406,1
48342.434057,4,0,0,1000372,1
48345.880397,4,0,0,1000204,1
48349.762019,4,0,0,1000227,1
48350.849941,4,0,0,1000293,1
48356.187995,4,0,0,1000366,1
48363.509380,4,0,0,1000368,1
48364.933356,4,0,0,1000352,1
48370.496871,4,0,0,1000273,1
48378.104434,4,0,0,1000237,1
48382.273246,4,0,0,1000118,1
48384.675214,4,0,0,1000126,1
48386.737692,4,0,0,1000184,1
48396.124581,4,0,0,1000149,1
48396.305420,4,0,0,1000154,1
48404.008896,4,0,0,1000333,1
48407.754552,4,0,0,1000485,1
48408.985511,4,0,0,1000491,1
48414.493844,4,0,0,1000430,1
48415.920184,4,0,0,1000392,1
48416.559696,4,0,0,1000342,1
48420.676988,4,0,0,1000275,1
48423.460077,4,0,0,1000340,1
48424.334930,4,0,0,1000353,1
48425.589369,4,0,0,1000311,1
48429.140693,4,0,0,1000301,1
48430.643057,4,0,0,1000307,1
48439.374871,4,0,0,1000423,1
48442.484675,4,0,0,1000495,1
48445.266451,4,0,0,1000345,1
48456.741569,4,0,0,1000441,1
48462.077018,4,0,0,1000334,1
48465.917555,4,0,0,1000335,1
48467.631919,4,0,0,1000325,1
48468.292287,4,0,0,1000280,1
48468.324288,4,0,0,1000280,1
48469.832225,4,0,0,1000242,1
48471.228337,4,0,0,1000203,1
48479.207584,4,0,0,1000292,1
48480.140709,4,0,0,1000315,1
48485.044610,4,0,0,1000436,1
48491.530586,4,0,0,1000447,1
48498.837587,4,0,0,1000503,1
48500.034483,4,0,0,1000540,1
48502.255298,4,0,0,1000535,1
48506.264118,4,0,0,1000506,1
48525.451229,4,0,0,1000184,1
48530.396482,4,0,0,1000115,1
48532.144857,4,0,0,1000121,1
48557.563151,4,0,0,1000248,1
48557.860544,4,0,0,1000263,1
48564.023156,4,0,0,1000163,1
48566.388502,4,0,0,1000277,1
48570.299591,4,0,0,1000250,1
48578.180125,4,0,0,1000182,1
48586.989331,4,0,0,1000095,1
48587.085624,4,0,0,1000092,1
48588.572669,4,0,0,1000135,1
48593.188173,4,0,0,1000011,1
48608.684176,4,0,0,1000117,1
48612.137627,4,0,0,1000217,1
48614.205102,4,0,0,1000320,1
48616.421484,4,0,0,1000337,1
48620.373980,4,0,0,1000412,1
48626.948551,4,0,0,1000460,1
48631.762103,4,0,0,1000427,1
48637.384277,4,0,0,1000522,1
48640.523794,4,0,0,1000599,1
48643.412270,4,0,0,1000586,1
48648.718433,4,0,0,1000348,1
48648.881025,4,0,0,1000372,1
48650.126568,4,0,0,1000402,1
48667.324756,4,0,0,1000265,1
48667.645683,4,0,0,1000306,1
48671.894223,4,0,0,1000368,1
48672.482338,4,0,0,1000383,1
48675.485398,4,0,0,1000399,1
48677.490510,4,0,0,1000342,1
48683.383093,4,0,0,1000242,1
48691.485949,4,0,0,1000118,1
48693.156692,4,0,0,1000055,1
48698.003712,4,0,0,1000102,1
48698.312983,4,0,0,1000101,1
48701.470328,4,0,0,1000139,1
48701.937709,4,0,0,1000139,1
48703.262003,4,0,0,1000162,1
48707.285731,4,0,0,1000102,1
48709.724353,4,0,0,1000144,1
48711.825158,4,0,0,1000255,1
48717.842312,4,0,0,1000271,1
48726.205235,4,0,0,1000205,1
48732.129873,4,0,0,1000111,1
48736.724245,4,0,0,999956,1
48737.064611,4,0,0,1000009,1
48737.817559,4,0,0,999946,1
48738.492565,4,0,0,999954,1
48740.174540,4,0,0,1000054,1
48753.757392,4,0,0,1000004,1
48755.363619,4,0,0,1000044,1
48759.119718,4,0,0,999929,1
48768.706085,4,0,0,999769,1
48769.745925,4,0,0,999665,1
48777.263714,4,0,0,999472,1
48778.585556,4,0,0,999379,1
48794.202604,4,0,0,999594,1
48812.576238,4,0,0,999528,1
48819.872884,4,0,0,999479,1
48826.189656,4,0,0,999524,1
48826.412203,4,0,0,999522,1
48830.598680,4,0,0,999512,1
48833.280156,4,0,0,999619,1
48833.581169,4,0,0,999602,1
48839.284872,4,0,0,999519,1
48844.134822,4,0,0,999630,1
48847.530536,4,0,0,999640,1
48866.046521,4,0,0,999859,1
48871.150810,4,0,0,999756,1
48899.334171,4,0,0,999577,1
48900.496684,4,0,0,999493,1
48901.492971,4,0,0,999492,1
48902.397466,4,0,0,999467,1
48904.098622,4,0,0,999430,1
48904.758715,4,0,0,999446,1
48908.762754,4,0,0,999779,1
48911.175384,4,0,0,999747,1
48911.615007,4,0,0,999750,1
48915.045905,4,0,0,999860,1
48917.405478,4,0,0,999861,1
48926.037012,4,0,0,999784,1
48929.028864,4,0,0,999818,1
48936.376213,4,0,0,999603,1
48959.632861,4,0,0,999684,1
48968.949707,4,0,0,999568,1
48988.528349,4,0,0,999098,1
48991.246313,4,0,0,999020,1
49006.111014,4,0,0,998624,1
49025.496170,4,0,0,998604,1
49026.548873,4,0,0,998642,1
49033.909526,4,0,0,998417,1
49038.933127,4,0,0,998413,1
49039.302899,4,0,0,998417,1
49039.974503,4,0,0,998368,1
49040.131006,4,0,0,998377,1
49043.241737,4,0,0,998406,1
49046.419413,4,0,0,998533,1
49060.493708,4,0,0,998593,1
49062.094418,4,0,0,998605,1
49065.105438,4,0,0,998677,1
49074.336497,4,0,0,998681,1
49079.662123,4,0,0,998916,1
49084.553333,4,0,0,998692,1
49084.825756,4,0,0,998741,1
49089.069288,4,0,0,998699,1
49091.726118,4,0,0,998804,1
49092.285495,4,0,0,998821,1
49096.093310,4,0,0,998840,1
49097.192259,4,0,0,998898,1
49098.684117,4,0,0,998979,1
49106.679559,4,0,0,999036,1
49108.281832,4,0,0,999040,1
49114.824075,4,0,0,998950,1
49132.451509,4,0,0,998859,1
49137.240625,4,0,0,998844,1
49137.365831,4,0,0,998846,1
49138.457279,4,0,0,998850,1
49141.525568,4,0,0,999010,1
49143.306001,4,0,0,998937,1
49149.466009,4,0,0,999235,1
49154.882249,4,0,0,999409,1
49156.997663,4,0,0,999350,1
49163.756290,4,0,0,999219,1
49165.041064,4,0,0,999301,1
49168.603853,4,0,0,999412,1
49172.028303,4,0,0,999456,1
49185.502355,4,0,0,999253,1
49186.583002,4,0,0,999292,1
49186.638753,4,0,0,999300,1
49188.208906,4,0,0,999293,1
49193.244916,4,0,0,999330,1
49193.403546,4,0,0,999372,1
49200.482360,4,0,0,999699,1
49203.947483,4,0,0,999833,1
49212.053868,4,0,0,999920,1
49216.890468,4,0,0,999920,1
49218.335564,4,0,0,999924,1
49221.839612,4,0,0,999873,1
49226.823583,4,0,0,999808,1
49228.168603,4,0,0,999876,1
49231.917241,4,0,0,999827,1
49241.945288,4,0,0,999859,1
49244.546785,4,0,0,999880,1
49245.981900,4,0,0,999847,1
49258.320360,4,0,0,999499,1
49263.522737,4,0,0,999407,1
49266.294561,4,0,0,999508,1
49275.988024,4,0,0,999795,1
49276.811600,4,0,0,999771,1
49276.868905,4,0,0,999773,1
49283.224726,4,0,0,999967,1
49284.792914,4,0,0,999954,1
49287.458666,4,0,0,999902,1
49288.018947,4,0,0,999896,1
49295.326433,4,0,0,999966,1
49296.020531,4,0,0,999957,1
49297.816549,4,0,0,999892,1
49299.274345,4,0,0,999957,1
49301.112486,4,0,0,999973,1
49302.758364,4,0,0,999830,1
49308.706190,4,0,0,999630,1
49312.912757,4,0,0,999502,1
49313.459568,4,0,0,999512,1
49319.062507,4,0,0,999423,1
49329.433340,4,0,0,999395,1
49329.716820,4,0,0,999389,1
49330.956601,4,0,0,999405,1
49331.482863,4,0,0,999386,1
49333.305153,4,0,0,999388,1
49333.470784,4,0,0,999384,1
49337.446080,4,0,0,999350,1
49347.802392,4,0,0,999461,1
49350.215637,4,0,0,999376,1
49362.064068,4,0,0,999252,1
49365.021806,4,0,0,999356,1
49366.629653,4,0,0,999384,1
49367.183702,4,0,0,999360,1
49387.473553,4,0,0,999397,1
49390.949749,4,0,0,999262,1
49392.749357,4,0,0,999238,1
49394.357399,4,0,0,999227,1
49397.990581,4,0,0,999281,1
49403.941164,4,0,0,999295,1
49405.479753,4,0,0,999190,1
49408.128898,4,0,0,999276,1
49415.898826,4,0,0,999447,1
49417.740997,4,0,0,999519,1
49419.286751,4,0,0,999596,1
49419.513853,4,0,0,999608,1
49421.571369,4,0,0,999558,1
49426.869191,4,0,0,999587,1
49428.152607,4,0,0,999606,1
49444.626208,4,0,0,999781,1
49458.994688,4,0,0,999722,1
49462.485683,4,0,0,999546,1
49466.948399,4,0,0,999547,1
49479.205107,4,0,0,999361,1
49497.640261,4,0,0,999175,1
49501.091671,4,0,0,999038,1
49507.302079,4,0,0,999304,1
49507.860871,4,0,0,999288,1
49509.722120,4,0,0,999183,1
49520.074354,4,0,0,999077,1
49525.125326,4,0,0,999195,1
49530.954694,4,0,0,999138,1
49532.010437,4,0,0,999143,1
49532.960750,4,0,0,999177,1
49544.606822,4,0,0,999102,1
49550.957808,4,0,0,999257,1
49552.104105,4,0,0,999912,1
49556.564872,4,0,0,999894,1
49569.127814,4,0,0,999458,1
49574.012189,4,0,0,999718,1
49577.240985,4,0,0,999770,1
49581.039947,4,0,0,999814,1
49586.475686,4,0,0,999970,1
49594.675372,4,0,0,1000090,1
49601.473518,4,0,0,1000277,1
49606.063035,4,0,0,1000004,1
49614.342131,4,0,0,1000160,1
49616.598943,4,0,0,1000213,1
49620.773300,4,0,0,1000171,1
49621.574831,4,0,0,1000163,1
49622.096818,4,0,0,1000177,1
49633.931455,4,0,0,1000105,1
49646.418636,4,0,0,1000453,1
49647.598998,4,0,0,1000510,1
49648.755451,4,0,0,1000571,1
49651.503483,4,0,0,1000571,1
49652.892226,4,0,0,1000569,1
49653.891618,4,0,0,1000565,1
49655.583879,4,0,0,1000527,1
49656.163750,4,0,0,1000521,1
49656.861399,4,0,0,1000499,1
49661.978618,4,0,0,1000427,1
49662.962096,4,0,0,1000398,1
49668.633936,4,0,0,1000445,1
49669.505190,4,0,0,1000446,1
49673.389494,4,0,0,1000644,1
49673.840107,4,0,0,1000577,1
49676.191516,4,0,0,1000492,1
49678.749145,4,0,0,1000426,1
49681.249832,4,0,0,1000471,1
49698.148974,4,0,0,1000355,1
49701.798891,4,0,0,1000323,1
49706.469506,4,0,0,1000189,1
49706.550739,4,0,0,1000181,1
49707.886175,4,0,0,1000156,1
49713.575932,4,0,0,1000113,1
49713.611358,4,0,0,1000108,1
49720.375114,4,0,0,1000247,1
49730.696915,4,0,0,1000611,1
49740.062576,4,0,0,1000431,1
49741.526213,4,0,0,1000457,1
49751.623826,4,0,0,1000164,1
49753.104531,4,0,0,1000156,1
49760.447347,4,0,0,1000112,1
49762.712847,4,0,0,1000180,1
49762.872313,4,0,0,1000184,1
49763.480230,4,0,0,1000181,1
49764.044273,4,0,0,1000192,1
49771.863485,4,0,0,1000280,1
49773.004279,4,0,0,1000279,1
49781.845566,4,0,0,1000121,1
49784.961480,4,0,0,999892,1
49786.450548,4,0,0,999948,1
49786.825079,4,0,0,1000002,1
49797.037730,4,0,0,1000029,1
49797.509887,4,0,0,1000022,1
49798.347844,4,0,0,1000049,1
49799.942000,4,0,0,1000048,1
49807.223949,4,0,0,1000280,1
49813.647778,4,0,0,1000145,1
49820.251469,4,0,0,1000142,1
49821.885585,4,0,0,1000169,1
49825.932918,4,0,0,1000314,1
49826.346472,4,0,0,1000266,1
49827.349007,4,0,0,1000273,1
49827.383495,4,0,0,1000285,1
49840.858951,4,0,0,1000276,1
49863.272267,4,0,0,1000412,1
49865.494663,4,0,0,1000353,1
49878.735364,4,0,0,1000503,1
49879.939607,4,0,0,1000531,1
49883.455477,4,0,0,1000641,1
49887.157580,4,0,0,1000704,1
49887.174873,4,0,0,1000710,1
49887.930166,4,0,0,1000812,1
49898.199494,4,0,0,1000709,1
49907.857672,4,0,0,1000730,1
49908.255065,4,0,0,1000763,1
49912.387156,4,0,0,1000776,1
49914.286293,4,0,0,1000812,1
49916.634283,4,0,0,1000796,1
49917.117976,4,0,0,1000772,1
49924.847887,4,0,0,1000717,1
49933.702210,4,0,0,1000741,1
49936.129110,4,0,0,1000679,1
49939.008373,4,0,0,1000562,1
49939.904440,4,0,0,1000555,1
49946.874559,4,0,0,1000541,1
49952.660771,4,0,0,1000600,1
49953.205448,4,0,0,1000589,1
49958.405368,4,0,0,1000425,1
49962.252220,4,0,0,1000388,1
49967.575471,4,0,0,1000495,1
49975.557991,4,0,0,1000424,1
49981.041634,4,0,0,1000259,1
49982.245521,4,0,0,1000232,1
49984.140241,4,0,0,1000160,1
49989.516617,4,0,0,1000073,1
49991.791568,4,0,0,1000068,1
49992.950421,4,0,0,1000114,1
49997.303325,4,0,0,1000287,1
50008.651841,4,0,0,1000413,1
50009.342434,4,0,0,1000409,1
50009.976314,4,0,0,1000330,1
50010.796716,4,0,0,1000333,1
50011.880176,4,0,0,1000282,1
50028.185118,4,0,0,999934,1
50031.635507,4,0,0,1000108,1
50032.374845,4,0,0,1000115,1
50032.742538,4,0,0,1000071,1
50049.615594,4,0,0,1000076,1
50052.510348,4,0,0,1000184,1
50053.426970,4,0,0,1000111,1
50062.512471,4,0,0,1000040,1
50071.143795,4,0,0,999957,1
50076.235713,4,0,0,999902,1
50080.562831,4,0,0,999881,1
50095.448466,4,0,0,1000207,1
50100.978601,4,0,0,999895,1
50102.098819,4,0,0,999904,1
50102.361325,4,0,0,999867,1
50106.277245,4,0,0,999721,1
50112.769518,4,0,0,999672,1
50123.250990,4,0,0,999711,1
50127.727183,4,0,0,999698,1
50129.634225,4,0,0,999664,1
50145.502731,4,0,0,999511,1
50145.903098,4,0,0,999504,1
50158.091985,4,0,0,999363,1
50160.349769,4,0,0,999301,1
50168.856733,4,0,0,999048,1
50189.583829,4,0,0,999090,1
50190.227845,4,0,0,999087,1
50200.970957,4,0,0,998733,1
50202.111207,4,0,0,998659,1
50203.909673,4,0,0,998563,1
50208.577170,4,0,0,998522,1
50213.472249,4,0,0,998539,1
50219.344011,4,0,0,998544,1
50225.218883,4,0,0,998485,1
50226.718420,4,0,0,998397,1
50234.139069,4,0,0,998124,1
50236.354345,4,0,0,998025,1
50238.783751,4,0,0,997969,1
50238.829853,4,0,0,997973,1
50257.221711,4,0,0,998403,1
50260.439805,4,0,0,998394,1
50263.673603,4,0,0,998512,1
50264.570889,4,0,0,998461,1
50274.690937,4,0,0,998589,1
50276.412349,4,0,0,998603,1
50277.000810,4,0,0,998648,1
50277.532050,4,0,0,998623,1
50285.052050,4,0,0,998583,1
50286.001834,4,0,0,998565,1
50289.301951,4,0,0,998556,1
50293.853832,4,0,0,998643,1
50304.791602,4,0,0,998667,1
50317.424297,4,0,0,998576,1
50317.812161,4,0,0,998530,1
50346.692535,4,0,0,998549,1
50348.955096,4,0,0,998578,1
50357.443727,4,0,0,998572,1
50357.449112,4,0,0,998584,1
50357.763874,4,0,0,998556,1
50359.212233,4,0,0,998593,1
50364.692178,4,0,0,998739,1
50367.157754,4,0,0,998738,1
50374.672479,4,0,0,998859,1
50375.999836,4,0,0,998856,1
50377.214458,4,0,0,998882,1
50385.113459,4,0,0,999019,1
50386.297304,4,0,0,999083,1
50396.334382,4,0,0,999135,1
50400.665200,4,0,0,999006,1
50401.919479,4,0,0,999062,1
50410.219625,4,0,0,998955,1
50419.124634,4,0,0,998885,1
50421.723903,4,0,0,998830,1
50426.182259,4,0,0,998936,1
50431.079990,4,0,0,998920,1
50432.732297,4,0,0,998935,1
50439.278612,4,0,0,999068,1
50443.230091,4,0,0,998965,1
50445.683408,4,0,0,998971,1
50445.937774,4,0,0,998918,1
50445.989651,4,0,0,998908,1
50446.413884,4,0,0,998856,1
50456.815841,4,0,0,998882,1
50457.284436,4,0,0,998915,1
50460.384362,4,0,0,998882,1
50473.083883,4,0,0,998944,1
50476.070553,4,0,0,999007,1
50476.917679,4,0,0,998967,1
50496.076524,4,0,0,998828,1
50496.574672,4,0,0,998890,1
50499.073908,4,0,0,998956,1
50509.870737,4,0,0,998881,1
50512.338717,4,0,0,998876,1
50514.667676,4,0,0,998959,1
50518.402385,4,0,0,999003,1
50521.977544,4,0,0,998973,1
50535.141504,4,0,0,999179,1
50537.585648,4,0,0,999147,1
50541.432941,4,0,0,999124,1
50541.699930,4,0,0,999113,1
50544.052406,4,0,0,999079,1
50544.802833,4,0,0,999084,1
50547.369589,4,0,0,999048,1
50548.213904,4,0,0,999081,1
50550.372433,4,0,0,999016,1
50554.103573,4,0,0,998921,1
50557.489505,4,0,0,998916,1
50557.659625,4,0,0,998867,1
50562.167276,4,0,0,998865,1
50565.481534,4,0,0,998860,1
50568.993952,4,0,0,998949,1
50579.018969,4,0,0,999126,1
50581.519998,4,0,0,998970,1
50581.523029,4,0,0,998972,1
50582.834801,4,0,0,999002,1
50585.594368,4,0,0,998870,1
50586.143997,4,0,0,998856,1
50590.593102,4,0,0,998755,1
50591.955371,4,0,0,998789,1
50593.225696,4,0,0,998889,1
50594.502162,4,0,0,998845,1
50602.184861,4,0,0,998821,1
50603.997610,4,0,0,998757,1
50605.728717,4,0,0,998812,1
50606.076342,4,0,0,998784,1
50612.675804,4,0,0,998701,1
50617.184662,4,0,0,998650,1
50633.906198,4,0,0,998745,1
50634.478973,4,0,0,998788,1
50638.131470,4,0,0,998872,1
50640.653332,4,0,0,998953,1
50646.449356,4,0,0,999114,1
50652.049424,4,0,0,998942,1
50653.048158,4,0,0,999067,1
50659.277793,4,0,0,999325,1
50665.314916,4,0,0,999515,1
50677.091100,4,0,0,999536,1
50678.163437,4,0,0,999483,1
50688.421993,4,0,0,999400,1
50688.464202,4,0,0,999389,1
50697.985176,4,0,0,999348,1
50700.150423,4,0,0,999424,1
50703.306818,4,0,0,999344,1
50713.120929,4,0,0,999260,1
50717.913672,4,0,0,999107,1
50722.740415,4,0,0,999169,1
