34199.000000,1,0,100,999000,1
34199.000000,1,0,100,999100,1
34199.000000,1,0,100,999200,1
34199.000000,1,0,100,999300,1
34199.000000,1,0,100,999400,1
34199.000000,1,0,100,999500,1
34199.000000,1,0,100,999600,1
34199.000000,1,0,100,999700,1
34199.000000,1,0,100,999800,1
34199.000000,1,0,100,999900,1
34199.000000,1,0,100,1000100,-1
34199.000000,1,0,100,1000200,-1
34199.000000,1,0,100,1000300,-1
34199.000000,1,0,100,1000400,-1
34199.000000,1,0,100,1000500,-1
34199.000000,1,0,100,1000600,-1
34199.000000,1,0,100,1000700,-1
34199.000000,1,0,100,1000800,-1
34199.000000,1,0,100,1000900,-1
34199.000000,1,0,100,1001000,-1
34200.000000,4,0,0,1000000,1
34209.779258,4,0,0,1000379,1
34210.886201,4,0,0,1000365,1
34222.876898,4,0,0,1000382,1
34226.080617,4,0,0,1000523,1
34230.602927,4,0,0,1000425,1
34237.543680,4,0,0,1000346,1
34241.036325,4,0,0,1000363,1
34242.719433,4,0,0,1000341,1
34243.713250,4,0,0,1000281,1
34244.115668,4,0,0,1000275,1
34250.526091,4,0,0,1000229,1
34253.308811,4,0,0,1000279,1
34254.132612,4,0,0,1000203,1
34264.264965,4,0,0,1000091,1
34265.796115,4,0,0,1000162,1
34268.352634,4,0,0,1000310,1
34270.030847,4,0,0,1000212,1
34274.767739,4,0,0,1000282,1
34278.912546,4,0,0,1000181,1
34283.291570,4,0,0,1000091,1
34284.768589,4,0,0,1000038,1
34286.370049,4,0,0,1000012,1
34287.768093,4,0,0,1000070,1
34289.665028,4,0,0,1000119,1
34290.409164,4,0,0,1000122,1
34291.274620,4,0,0,1000105,1
34307.155254,4,0,0,1000105,1
34322.568650,4,0,0,1000083,1
34323.566550,4,0,0,1000123,1
34323.684171,4,0,0,1000112,1
34324.778094,4,0,0,1000112,1
34330.530593,4,0,0,1000099,1
34337.757589,4,0,0,1000092,1
34337.868485,4,0,0,1000096,1
34341.988613,4,0,0,1000116,1
34341.996469,4,0,0,1000122,1
34345.459968,4,0,0,1000113,1
34350.340742,4,0,0,1000285,1
34370.618569,4,0,0,1000214,1
34372.052025,4,0,0,1000185,1
34379.805190,4,0,0,1000199,1
34389.575241,4,0,0,1000253,1
34401.815403,4,0,0,1000298,1
34401.825999,4,0,0,1000305,1
34404.856105,4,0,0,1000404,1
34423.920160,4,0,0,1000507,1
34426.353508,4,0,0,1000480,1
34434.386639,4,0,0,1000464,1
34438.166013,4,0,0,1000601,1
34445.208848,4,0,0,1000628,1
34448.380160,4,0,0,1000510,1
34448.521379,4,0,0,1000497,1
34448.953969,4,0,0,1000478,1
34449.518816,4,0,0,1000521,1
34450.901878,4,0,0,1000515,1
34466.914830,4,0,0,1000961,1
34471.690226,4,0,0,1001030,1
34479.799085,4,0,0,1001044,1
34483.789905,4,0,0,1000998,1
34488.612133,4,0,0,1001103,1
34496.598530,4,0,0,1001064,1
34509.088467,4,0,0,1000912,1
34520.740034,4,0,0,1001004,1
34529.066260,4,0,0,1001001,1
34529.539192,4,0,0,1001042,1
34531.680281,4,0,0,1001036,1
34531.853101,4,0,0,1000976,1
34535.631441,4,0,0,1001051,1
34543.233243,4,0,0,1000789,1
34543.484178,4,0,0,1000827,1
34544.483569,4,0,0,1000918,1
34546.657910,4,0,0,1000885,1
34547.996782,4,0,0,1000817,1
34555.573904,4,0,0,1000622,1
34557.648477,4,0,0,1000684,1
34562.517092,4,0,0,1000660,1
34565.767794,4,0,0,1000605,1
34569.954444,4,0,0,1000579,1
34583.347052,4,0,0,1000956,1
34597.085845,4,0,0,1001014,1
34597.651975,4,0,0,1001042,1
34606.519116,4,0,0,1001152,1
34608.549139,4,0,0,1001224,1
34609.057158,4,0,0,1001261,1
34611.368525,4,0,0,1001206,1
34614.781799,4,0,0,1001184,1
34630.301696,4,0,0,1001025,1
34632.521716,4,0,0,1000971,1
34632.581210,4,0,0,1000985,1
34641.969232,4,0,0,1000904,1
34642.532233,4,0,0,1000901,1
34645.642758,4,0,0,1000838,1
34654.710356,4,0,0,1000745,1
34658.166612,4,0,0,1000817,1
34660.994883,4,0,0,1000779,1
34668.699396,4,0,0,1000709,1
34668.797874,4,0,0,1000717,1
34672.861250,4,0,0,1000766,1
34675.394557,4,0,0,1000828,1
34695.512940,4,0,0,1000857,1
34703.239668,4,0,0,1000611,1
34703.504827,4,0,0,1000627,1
34704.514894,4,0,0,1000652,1
34707.393623,4,0,0,1000737,1
34713.195722,4,0,0,1000633,1
34715.124639,4,0,0,1000807,1
34717.257766,4,0,0,1000717,1
34729.419433,4,0,0,1000839,1
34744.099355,4,0,0,1000841,1
34746.602727,4,0,0,1000802,1
34757.541268,4,0,0,1000932,1
34759.457358,4,0,0,1000912,1
34759.870172,4,0,0,1000836,1
34763.445913,4,0,0,1000725,1
34768.614509,4,0,0,1000775,1
34779.296756,4,0,0,1001135,1
34795.342827,4,0,0,1000831,1
34802.366479,4,0,0,1000826,1
34809.170187,4,0,0,1001012,1
34815.088035,4,0,0,1001082,1
34820.867831,4,0,0,1001034,1
34827.837740,4,0,0,1000843,1
34845.347795,4,0,0,1000465,1
34847.584591,4,0,0,1000408,1
34847.999051,4,0,0,1000396,1
34849.308599,4,0,0,1000268,1
34850.505339,4,0,0,1000175,1
34852.665553,4,0,0,1000197,1
34860.611761,4,0,0,1000139,1
34860.908014,4,0,0,1000118,1
34863.763447,4,0,0,1000083,1
34871.782179,4,0,0,999968,1
34873.248917,4,0,0,1000024,1
34873.562008,4,0,0,1000070,1
34874.887090,4,0,0,1000190,1
34875.312072,4,0,0,1000213,1
34883.194776,4,0,0,1000317,1
34884.086872,4,0,0,1000385,1
34885.125763,4,0,0,1000474,1
34893.182292,4,0,0,1000679,1
34901.127775,4,0,0,1000847,1
34905.382320,4,0,0,1000780,1
34917.150601,4,0,0,1000502,1
34917.445459,4,0,0,1000526,1
34933.469507,4,0,0,1000503,1
34937.514537,4,0,0,1000496,1
34939.236669,4,0,0,1000437,1
34947.587380,4,0,0,1000248,1
34952.735905,4,0,0,1000406,1
34973.314629,4,0,0,1000507,1
34973.858197,4,0,0,1000468,1
34978.015315,4,0,0,1000506,1
34981.075608,4,0,0,1000532,1
34986.124871,4,0,0,1000590,1
34987.448386,4,0,0,1000718,1
34987.599553,4,0,0,1000717,1
34991.355544,4,0,0,1000592,1
34993.524105,4,0,0,1000594,1
35004.177362,4,0,0,1000485,1
35007.116942,4,0,0,1000532,1
35009.709659,4,0,0,1000548,1
35014.499869,4,0,0,1000584,1
35018.080271,4,0,0,1000530,1
35033.613465,4,0,0,1000607,1
35041.050883,4,0,0,1000535,1
35044.332639,4,0,0,1000581,1
35045.466301,4,0,0,1000565,1
35049.894020,4,0,0,1000446,1
35056.493354,4,0,0,1000508,1
35063.233293,4,0,0,1000415,1
35087.308097,4,0,0,1000762,1
35088.486545,4,0,0,1000786,1
35091.137028,4,0,0,1000823,1
35093.772655,4,0,0,1000830,1
35095.606617,4,0,0,1000825,1
35097.779867,4,0,0,1000649,1
35100.886749,4,0,0,1000755,1
35104.620328,4,0,0,1000675,1
35106.093515,4,0,0,1000733,1
35106.783223,4,0,0,1000706,1
35108.501026,4,0,0,1000696,1
35109.202435,4,0,0,1000686,1
35111.029763,4,0,0,1000616,1
35116.464066,4,0,0,1000594,1
35120.859989,4,0,0,1000642,1
35149.001153,4,0,0,1000524,1
35152.935386,4,0,0,1000398,1
35156.738741,4,0,0,1000342,1
35161.653533,4,0,0,1000368,1
35167.855642,4,0,0,1000510,1
35172.428320,4,0,0,1000598,1
35176.672704,4,0,0,1000626,1
35181.112752,4,0,0,1000520,1
35183.207216,4,0,0,1000585,1
35190.388201,4,0,0,1000586,1
35194.823399,4,0,0,1000560,1
35196.591757,4,0,0,1000620,1
35197.939113,4,0,0,1000655,1
35198.292513,4,0,0,1000670,1
35200.334985,4,0,0,1000587,1
35200.396796,4,0,0,1000579,1
35201.262419,4,0,0,1000500,1
35201.560047,4,0,0,1000505,1
35203.118069,4,0,0,1000506,1
35205.164961,4,0,0,1000573,1
35209.441072,4,0,0,1000593,1
35216.571461,4,0,0,1000542,1
35221.256696,4,0,0,1000769,1
35222.088290,4,0,0,1000722,1
35232.805430,4,0,0,1000500,1
35239.074523,4,0,0,1000422,1
35242.366476,4,0,0,1000469,1
35247.298549,4,0,0,1000429,1
35250.703244,4,0,0,1000388,1
35251.583591,4,0,0,1000335,1
35256.486572,4,0,0,1000497,1
35277.695086,4,0,0,1000349,1
35284.726987,4,0,0,1000205,1
35285.684225,4,0,0,1000198,1
35286.294014,4,0,0,1000167,1
35299.028677,4,0,0,1000124,1
35310.543835,4,0,0,1000350,1
35317.154758,4,0,0,1000291,1
35323.986972,4,0,0,1000284,1
35324.723916,4,0,0,1000268,1
35332.711375,4,0,0,1000240,1
35333.732091,4,0,0,1000281,1
35334.535691,4,0,0,1000305,1
35337.034168,4,0,0,1000277,1
35337.035999,4,0,0,1000275,1
35345.963493,4,0,0,1000254,1
35346.803350,4,0,0,1000292,1
35353.228607,4,0,0,1000289,1
35357.408503,4,0,0,1000275,1
35364.438961,4,0,0,1000035,1
35368.818749,4,0,0,1000139,1
35384.383638,4,0,0,999845,1
35386.666941,4,0,0,999748,1
35389.951688,4,0,0,999715,1
35391.925835,4,0,0,999717,1
35398.415688,4,0,0,999724,1
35400.123981,4,0,0,999674,1
35407.788174,4,0,0,999632,1
35408.217751,4,0,0,999612,1
35409.502364,4,0,0,999510,1
35412.258292,4,0,0,999490,1
35412.902289,4,0,0,999462,1
35413.987065,4,0,0,999484,1
35422.793118,4,0,0,999465,1
35425.020139,4,0,0,999537,1
35426.199712,4,0,0,999575,1
35435.146273,4,0,0,999712,1
35439.240573,4,0,0,999834,1
35444.041355,4,0,0,999910,1
35454.545794,4,0,0,999884,1
35460.528540,4,0,0,1000050,1
35462.000962,4,0,0,999993,1
35462.047594,4,0,0,999993,1
35465.858765,4,0,0,1000077,1
35471.735203,4,0,0,1000042,1
35479.566392,4,0,0,1000141,1
35480.577514,4,0,0,1000101,1
35485.384796,4,0,0,1000042,1
35498.718984,4,0,0,1000141,1
35500.146566,4,0,0,1000183,1
35501.800398,4,0,0,1000260,1
35504.450936,4,0,0,1000254,1
35508.498233,4,0,0,1000283,1
35530.537575,4,0,0,1000426,1
35534.778470,4,0,0,1000473,1
35545.238824,4,0,0,1000261,1
35550.342564,4,0,0,1000196,1
35553.402410,4,0,0,1000322,1
35555.145356,4,0,0,1000239,1
35557.205819,4,0,0,1000284,1
35564.381488,4,0,0,1000226,1
35565.315585,4,0,0,1000275,1
35566.025056,4,0,0,1000242,1
35567.170269,4,0,0,1000244,1
35572.453963,4,0,0,1000011,1
35574.673164,4,0,0,1000008,1
35575.778803,4,0,0,1000064,1
35577.698114,4,0,0,999960,1
35578.105152,4,0,0,999998,1
35580.847204,4,0,0,999939,1
35588.816189,4,0,0,999932,1
35591.637422,4,0,0,999699,1
35594.471762,4,0,0,999791,1
35594.605193,4,0,0,999775,1
35596.168661,4,0,0,999741,1
35596.542198,4,0,0,999702,1
35596.776014,4,0,0,999678,1
35606.298050,4,0,0,999856,1
35612.286791,4,0,0,999794,1
35620.769067,4,0,0,999925,1
35621.450732,4,0,0,999918,1
35623.623631,4,0,0,999943,1
35635.307628,4,0,0,999857,1
35638.023052,4,0,0,999893,1
35650.446253,4,0,0,1000348,1
35665.998826,4,0,0,1000474,1
35666.030517,4,0,0,1000478,1
35668.742085,4,0,0,1000438,1
35672.924294,4,0,0,1000541,1
35674.974822,4,0,0,1000637,1
35677.229339,4,0,0,1000509,1
35679.331485,4,0,0,1000408,1
35680.587225,4,0,0,1000526,1
35680.713332,4,0,0,1000533,1
35686.992953,4,0,0,1000548,1
35718.124411,4,0,0,1000695,1
35718.311291,4,0,0,1000719,1
35727.678620,4,0,0,1000838,1
35731.435372,4,0,0,1000815,1
35731.529600,4,0,0,1000846,1
35731.870408,4,0,0,1000846,1
35735.433359,4,0,0,1000762,1
35735.961264,4,0,0,1000742,1
35737.638916,4,0,0,1000733,1
35739.174994,4,0,0,1000709,1
35756.033838,4,0,0,1000664,1
35759.065549,4,0,0,1000691,1
35760.670319,4,0,0,1000482,1
35773.980388,4,0,0,1000338,1
35790.246724,4,0,0,1000526,1
35796.321266,4,0,0,1000593,1
35797.024884,4,0,0,1000565,1
35807.571270,4,0,0,1000460,1
35810.353572,4,0,0,1000555,1
35817.726123,4,0,0,1000519,1
35823.836382,4,0,0,1000452,1
35828.897940,4,0,0,1000660,1
35835.860496,4,0,0,1000609,1
35843.845059,4,0,0,1000703,1
35846.805159,4,0,0,1000698,1
35849.973592,4,0,0,1000701,1
35850.463353,4,0,0,1000668,1
35852.678433,4,0,0,1000606,1
35863.064109,4,0,0,1000805,1
35864.253422,4,0,0,1000742,1
35870.859211,4,0,0,1000775,1
35878.713459,4,0,0,1000605,1
35879.759622,4,0,0,1000592,1
35886.673798,4,0,0,1000586,1
35891.793344,4,0,0,1000400,1
35909.514806,4,0,0,1000634,1
35911.864186,4,0,0,1000619,1
35918.621507,4,0,0,1000775,1
35927.500845,4,0,0,1000633,1
35929.778711,4,0,0,1000701,1
35930.989012,4,0,0,1000829,1
35933.184224,4,0,0,1000844,1
35938.241179,4,0,0,1000769,1
35939.663615,4,0,0,1000797,1
35949.010656,4,0,0,1000815,1
35950.682840,4,0,0,1000800,1
35957.585496,4,0,0,1000782,1
35959.436305,4,0,0,1000742,1
35962.791051,4,0,0,1000779,1
35972.699668,4,0,0,1000715,1
35975.875304,4,0,0,1000637,1
35980.553335,4,0,0,1000724,1
35982.559879,4,0,0,1000711,1
35985.581749,4,0,0,1000940,1
35985.884710,4,0,0,1000933,1
35989.390757,4,0,0,1000864,1
35992.241073,4,0,0,1000817,1
35993.939038,4,0,0,1000840,1
35994.846292,4,0,0,1000807,1
35996.837265,4,0,0,1000717,1
35998.507136,4,0,0,1000822,1
36000.659380,4,0,0,1000730,1
36008.566432,4,0,0,1000940,1
36019.366944,4,0,0,1000958,1
36031.152016,4,0,0,1000770,1
36033.768649,4,0,0,1000904,1
36044.701367,4,0,0,1000866,1
36048.929256,4,0,0,1000760,1
36076.114311,4,0,0,1000767,1
36076.748565,4,0,0,1000818,1
36083.507490,4,0,0,1000904,1
36087.749185,4,0,0,1000987,1
36091.203749,4,0,0,1001148,1
36097.989957,4,0,0,1001172,1
36106.553087,4,0,0,1001222,1
36115.053726,4,0,0,1001184,1
36117.069815,4,0,0,1001079,1
36119.360049,4,0,0,1001067,1
36123.683905,4,0,0,1001233,1
36123.893355,4,0,0,1001193,1
36131.951516,4,0,0,1001379,1
36136.167214,4,0,0,1001403,1
36138.968755,4,0,0,1001325,1
36143.827547,4,0,0,1001329,1
36157.955823,4,0,0,1001579,1
36158.688263,4,0,0,1001603,1
36166.483097,4,0,0,1001607,1
36171.585981,4,0,0,1001488,1
36172.697886,4,0,0,1001408,1
36189.744165,4,0,0,1001559,1
36192.084338,4,0,0,1001557,1
36203.347781,4,0,0,1001516,1
36206.671118,4,0,0,1001511,1
36212.005536,4,0,0,1001366,1
36222.444769,4,0,0,1001596,1
36222.732332,4,0,0,1001584,1
36224.401500,4,0,0,1001564,1
36225.336669,4,0,0,1001525,1
36225.564602,4,0,0,1001561,1
36227.563880,4,0,0,1001640,1
36239.369666,4,0,0,1001564,1
36240.762130,4,0,0,1001605,1
36241.335505,4,0,0,1001587,1
36254.932895,4,0,0,1001422,1
36258.182615,4,0,0,1001531,1
36261.233514,4,0,0,1001659,1
36266.798682,4,0,0,1001745,1
36274.918624,4,0,0,1001724,1
36276.148788,4,0,0,1001773,1
36277.229493,4,0,0,1001794,1
36279.870509,4,0,0,1001709,1
36288.862647,4,0,0,1001626,1
36301.381277,4,0,0,1001980,1
36302.390905,4,0,0,1002008,1
36307.980828,4,0,0,1002010,1
36310.802718,4,0,0,1001916,1
36320.862891,4,0,0,1001874,1
36322.537920,4,0,0,1001806,1
36324.043573,4,0,0,1001770,1
36324.149574,4,0,0,1001757,1
36333.951760,4,0,0,1001713,1
36334.819777,4,0,0,1001736,1
36336.380286,4,0,0,1001741,1
36337.732080,4,0,0,1001730,1
36349.929281,4,0,0,1001986,1
36350.336312,4,0,0,1001999,1
36352.298336,4,0,0,1001928,1
36357.751335,4,0,0,1001825,1
36358.616518,4,0,0,1001818,1
36362.736596,4,0,0,1001896,1
36365.378927,4,0,0,1001788,1
36365.442153,4,0,0,1001795,1
36369.901586,4,0,0,1001716,1
36371.938109,4,0,0,1001755,1
36373.074110,4,0,0,1001595,1
36390.735725,4,0,0,1001681,1
36399.465154,4,0,0,1001664,1
36402.311611,4,0,0,1001667,1
36404.163866,4,0,0,1001670,1
36404.231733,4,0,0,1001662,1
36410.456297,4,0,0,1001707,1
36411.936602,4,0,0,1001646,1
36415.362928,4,0,0,1001663,1
36420.064300,4,0,0,1001515,1
36426.746675,4,0,0,1001648,1
36427.569547,4,0,0,1001628,1
36428.027272,4,0,0,1001643,1
36435.137606,4,0,0,1001678,1
36435.390129,4,0,0,1001674,1
36437.884886,4,0,0,1001792,1
36438.060257,4,0,0,1001798,1
36439.173649,4,0,0,1001790,1
36440.177343,4,0,0,1001682,1
36448.934120,4,0,0,1001625,1
36455.427523,4,0,0,1001519,1
36456.768833,4,0,0,1001429,1
36460.986205,4,0,0,1001399,1
36464.248090,4,0,0,1001335,1
36464.705001,4,0,0,1001329,1
36466.821981,4,0,0,1001295,1
36473.461890,4,0,0,1001416,1
36474.120796,4,0,0,1001427,1
36475.431979,4,0,0,1001381,1
36477.538601,4,0,0,1001379,1
36477.557864,4,0,0,1001378,1
36484.655233,4,0,0,1001348,1
36487.058036,4,0,0,1001401,1
36491.923859,4,0,0,1001365,1
36495.492704,4,0,0,1001469,1
36502.716520,4,0,0,1001356,1
36507.857023,4,0,0,1001490,1
36510.288878,4,0,0,1001384,1
36510.919852,4,0,0,1001393,1
36513.556779,4,0,0,1001452,1
36513.582121,4,0,0,1001459,1
36513.971165,4,0,0,1001413,1
36522.435734,4,0,0,1001389,1
36525.912041,4,0,0,1001444,1
36533.347981,4,0,0,1001296,1
36539.770676,4,0,0,1001091,1
36543.357355,4,0,0,1001048,1
36549.568326,4,0,0,1001020,1
36563.331124,4,0,0,1000943,1
36577.502578,4,0,0,1000801,1
36578.906025,4,0,0,1000804,1
36590.330933,4,0,0,1000950,1
36593.374910,4,0,0,1000863,1
36594.491891,4,0,0,1000971,1
36597.015173,4,0,0,1001015,1
36601.206776,4,0,0,1000962,1
36611.714264,4,0,0,1000813,1
36622.884693,4,0,0,1000844,1
36626.806540,4,0,0,1000680,1
36634.673953,4,0,0,1000643,1
36638.273972,4,0,0,1000552,1
36638.751520,4,0,0,1000579,1
36641.486817,4,0,0,1000565,1
36647.228543,4,0,0,1000340,1
36653.942782,4,0,0,1000375,1
36659.357321,4,0,0,1000336,1
36659.367393,4,0,0,1000331,1
36664.848933,4,0,0,1000376,1
36683.553484,4,0,0,1000782,1
36684.698447,4,0,0,1000817,1
36690.668808,4,0,0,1000726,1
36691.721646,4,0,0,1000764,1
36698.674287,4,0,0,1000837,1
36711.798755,4,0,0,1000916,1
36712.914636,4,0,0,1000910,1
36721.366085,4,0,0,1000749,1
36723.065898,4,0,0,1000827,1
36733.228923,4,0,0,1000885,1
36733.383272,4,0,0,1000882,1
36740.110831,4,0,0,1001052,1
36741.270137,4,0,0,1000955,1
36743.455105,4,0,0,1000932,1
36744.275495,4,0,0,1000983,1
36752.149593,4,0,0,1000818,1
36753.222520,4,0,0,1000875,1
36755.315454,4,0,0,1000874,1
36757.490699,4,0,0,1000874,1
36758.978823,4,0,0,1000955,1
36760.190568,4,0,0,1000984,1
36766.771578,4,0,0,1001009,1
36770.888536,4,0,0,1000888,1
36777.994551,4,0,0,1000819,1
36778.810668,4,0,0,1000883,1
36782.575393,4,0,0,1000885,1
36782.972426,4,0,0,1000868,1
36783.467620,4,0,0,1000879,1
36786.171116,4,0,0,1000964,1
36790.459257,4,0,0,1000953,1
36796.487055,4,0,0,1000753,1
36800.502245,4,0,0,1000719,1
36800.885511,4,0,0,1000666,1
36803.146653,4,0,0,1000670,1
36809.547712,4,0,0,1000710,1
36823.920299,4,0,0,1000662,1
36835.188299,4,0,0,1000922,1
36838.421814,4,0,0,1000921,1
36851.526158,4,0,0,1000969,1
36852.910103,4,0,0,1000943,1
36857.496545,4,0,0,1000897,1
36864.374632,4,0,0,1000731,1
36864.382664,4,0,0,1000734,1
36864.792256,4,0,0,1000704,1
36866.644017,4,0,0,1000649,1
36867.809345,4,0,0,1000700,1
36868.727478,4,0,0,1000666,1
36872.563934,4,0,0,1000695,1
36877.442499,4,0,0,1000672,1
36880.614705,4,0,0,1000648,1
36886.362668,4,0,0,1000606,1
36888.193281,4,0,0,1000646,1
36890.371338,4,0,0,1000570,1
36891.053501,4,0,0,1000632,1
36892.222455,4,0,0,1000609,1
36895.411279,4,0,0,1000653,1
36903.781208,4,0,0,1000936,1
36906.848067,4,0,0,1000889,1
36917.111166,4,0,0,1001131,1
36930.323560,4,0,0,1001186,1
36937.379007,4,0,0,1000956,1
36944.595152,4,0,0,1000972,1
36944.665667,4,0,0,1000970,1
36950.308162,4,0,0,1001141,1
36950.475095,4,0,0,1001134,1
36957.195705,4,0,0,1001309,1
36959.840305,4,0,0,1001272,1
36960.257823,4,0,0,1001260,1
36972.999149,4,0,0,1000937,1
36973.978195,4,0,0,1000960,1
36989.410641,4,0,0,1000727,1
36996.737407,4,0,0,1000703,1
37008.974112,4,0,0,1000707,1
37013.675324,4,0,0,1000806,1
37015.747571,4,0,0,1000830,1
37021.488575,4,0,0,1000818,1
37024.438247,4,0,0,1000927,1
37030.779621,4,0,0,1000820,1
37045.471982,4,0,0,1000976,1
37045.751212,4,0,0,1000972,1
37046.616344,4,0,0,1000920,1
37049.306277,4,0,0,1000886,1
37049.439315,4,0,0,1000903,1
37051.569602,4,0,0,1000977,1
37054.199662,4,0,0,1000944,1
37055.116470,4,0,0,1000955,1
37055.321509,4,0,0,1000982,1
37060.140325,4,0,0,1000871,1
37061.433368,4,0,0,1000892,1
37067.188364,4,0,0,1000778,1
37069.765909,4,0,0,1000890,1
37080.680592,4,0,0,1000684,1
37082.371079,4,0,0,1000637,1
37086.090968,4,0,0,1000563,1
37087.694491,4,0,0,1000566,1
37101.880020,4,0,0,1000849,1
37103.435473,4,0,0,1000851,1
37108.826110,4,0,0,1000795,1
37110.917463,4,0,0,1000769,1
37116.416373,4,0,0,1000522,1
37121.039894,4,0,0,1000398,1
37128.127545,4,0,0,1000340,1
37132.831878,4,0,0,1000363,1
37135.742855,4,0,0,1000423,1
37138.605490,4,0,0,1000516,1
37139.418228,4,0,0,1000421,1
37140.016026,4,0,0,1000384,1
37140.819630,4,0,0,1000361,1
37153.499130,4,0,0,1000644,1
37158.805176,4,0,0,1000699,1
37170.049726,4,0,0,1000424,1
37174.608508,4,0,0,1000602,1
37175.752306,4,0,0,1000594,1
37175.812474,4,0,0,1000604,1
37179.459042,4,0,0,1000490,1
37196.723191,4,0,0,1000461,1
37204.268005,4,0,0,1000493,1
37204.609374,4,0,0,1000507,1
37206.772014,4,0,0,1000516,1
37207.456374,4,0,0,1000454,1
37208.963430,4,0,0,1000459,1
37214.374498,4,0,0,1000383,1
37216.257827,4,0,0,1000419,1
37219.662251,4,0,0,1000457,1
37221.294309,4,0,0,1000442,1
37223.813821,4,0,0,1000376,1
37226.082097,4,0,0,1000413,1
37230.267815,4,0,0,1000462,1
37230.660899,4,0,0,1000468,1
37254.815033,4,0,0,1000819,1
37255.512319,4,0,0,1000798,1
37255.776740,4,0,0,1000805,1
37267.288347,4,0,0,1000915,1
37269.460060,4,0,0,1000850,1
37269.481491,4,0,0,1000856,1
37270.862157,4,0,0,1000852,1
37278.758904,4,0,0,1001132,1
37285.250031,4,0,0,1001215,1
37290.202316,4,0,0,1001295,1
37298.551336,4,0,0,1001274,1
37301.611604,4,0,0,1001181,1
37313.619431,4,0,0,1001205,1
37315.121480,4,0,0,1001155,1
37318.402757,4,0,0,1001191,1
37326.855306,4,0,0,1001277,1
37330.607272,4,0,0,1001379,1
37331.918087,4,0,0,1001434,1
37333.858498,4,0,0,1001525,1
37343.274669,4,0,0,1001534,1
37346.873470,4,0,0,1001610,1
37348.901614,4,0,0,1001499,1
37353.577511,4,0,0,1001412,1
37354.343185,4,0,0,1001485,1
37360.807534,4,0,0,1001606,1
37362.969831,4,0,0,1001618,1
37366.445745,4,0,0,1001642,1
37368.480446,4,0,0,1001597,1
37377.786710,4,0,0,1001691,1
37378.715147,4,0,0,1001656,1
37388.435306,4,0,0,1001914,1
37393.618065,4,0,0,1002072,1
37394.575841,4,0,0,1002032,1
37395.389954,4,0,0,1002036,1
37396.827503,4,0,0,1001987,1
37399.630431,4,0,0,1001975,1
37413.424425,4,0,0,1001970,1
37420.763044,4,0,0,1001996,1
37422.387023,4,0,0,1001938,1
37425.473484,4,0,0,1001787,1
37425.681010,4,0,0,1001835,1
37432.833181,4,0,0,1001584,1
37438.829345,4,0,0,1001472,1
37443.742435,4,0,0,1001271,1
37448.158615,4,0,0,1001431,1
37448.528732,4,0,0,1001443,1
37452.076900,4,0,0,1001380,1
37456.466425,4,0,0,1001402,1
37461.083715,4,0,0,1001381,1
37471.978926,4,0,0,1001375,1
37473.894883,4,0,0,1001347,1
37475.233657,4,0,0,1001429,1
37477.988097,4,0,0,1001355,1
37482.578095,4,0,0,1001515,1
37491.698105,4,0,0,1001575,1
37498.197827,4,0,0,1001612,1
37501.682530,4,0,0,1001636,1
37504.042396,4,0,0,1001499,1
37510.601340,4,0,0,1001470,1
37512.814597,4,0,0,1001431,1
37515.454011,4,0,0,1001636,1
37515.542591,4,0,0,1001644,1
37518.930616,4,0,0,1001760,1
37520.026895,4,0,0,1001709,1
37536.239283,4,0,0,1001940,1
37536.703113,4,0,0,1001976,1
37536.906311,4,0,0,1001985,1
37540.385923,4,0,0,1001911,1
37559.992635,4,0,0,1002352,1
37561.522859,4,0,0,1002257,1
37562.205446,4,0,0,1002300,1
37562.659081,4,0,0,1002240,1
37562.675765,4,0,0,1002240,1
37567.247186,4,0,0,1002144,1
37569.330192,4,0,0,1002275,1
37577.527129,4,0,0,1002329,1
37578.725184,4,0,0,1002445,1
37582.520853,4,0,0,1002262,1
37582.788214,4,0,0,1002266,1
37584.652117,4,0,0,1002258,1
37596.033011,4,0,0,1002185,1
37600.453984,4,0,0,1002299,1
37603.432567,4,0,0,1002091,1
37616.223473,4,0,0,1002051,1
37618.278255,4,0,0,1002021,1
37618.637797,4,0,0,1002059,1
37621.541266,4,0,0,1002086,1
37625.793073,4,0,0,1002064,1
37633.474135,4,0,0,1002081,1
37635.670502,4,0,0,1002081,1
37639.176043,4,0,0,1002036,1
37649.664897,4,0,0,1002211,1
37654.455035,4,0,0,1002149,1
37655.983025,4,0,0,1002167,1
37668.806675,4,0,0,1002124,1
37672.837806,4,0,0,1002118,1
37681.536716,4,0,0,1002174,1
37689.387998,4,0,0,1002294,1
37694.711592,4,0,0,1002307,1
37696.409207,4,0,0,1002274,1
37701.470275,4,0,0,1002212,1
37702.056288,4,0,0,1002181,1
37707.353246,4,0,0,1002271,1
37710.913377,4,0,0,1002188,1
37712.777618,4,0,0,1002217,1
37715.568899,4,0,0,1002168,1
37717.172901,4,0,0,1002190,1
37720.206821,4,0,0,1002222,1
37722.860785,4,0,0,1002361,1
37726.099918,4,0,0,1002491,1
37726.230331,4,0,0,1002483,1
37726.779522,4,0,0,1002375,1
37735.973911,4,0,0,1002396,1
37736.898057,4,0,0,1002323,1
37738.676372,4,0,0,1002358,1
37744.362245,4,0,0,1002278,1
37746.685636,4,0,0,1002232,1
37749.158471,4,0,0,1002207,1
37749.343445,4,0,0,1002199,1
37752.068978,4,0,0,1002222,1
37756.111255,4,0,0,1002140,1
37758.895604,4,0,0,1002186,1
37761.192948,4,0,0,1002261,1
37762.100673,4,0,0,1002171,1
37764.441645,4,0,0,1002037,1
37764.690962,4,0,0,1001993,1
37766.282344,4,0,0,1002032,1
37766.322508,4,0,0,1002052,1
37767.173881,4,0,0,1002142,1
37767.496425,4,0,0,1002142,1
37780.102988,4,0,0,1002340,1
37783.692248,4,0,0,1002394,1
37784.937115,4,0,0,1002381,1
37789.505119,4,0,0,1002282,1
37790.959800,4,0,0,1002263,1
37795.960581,4,0,0,1002298,1
37799.418577,4,0,0,1002344,1
37801.829335,4,0,0,1002327,1
37813.064753,4,0,0,1002391,1
37818.587168,4,0,0,1002396,1
37832.610060,4,0,0,1002520,1
37834.133348,4,0,0,1002534,1
37836.447802,4,0,0,1002446,1
37841.746332,4,0,0,1002581,1
37846.405536,4,0,0,1002614,1
37847.921790,4,0,0,1002545,1
37848.399277,4,0,0,1002570,1
37856.828440,4,0,0,1002642,1
37858.808165,4,0,0,1002563,1
37858.813775,4,0,0,1002568,1
37864.449292,4,0,0,1002624,1
37866.369463,4,0,0,1002627,1
37872.660665,4,0,0,1002486,1
37873.272403,4,0,0,1002451,1
37874.694038,4,0,0,1002380,1
37886.345620,4,0,0,1002265,1
37890.877902,4,0,0,1002250,1
37893.363446,4,0,0,1002198,1
37902.658843,4,0,0,1002325,1
37908.002169,4,0,0,1002396,1
37908.946292,4,0,0,1002353,1
37910.456105,4,0,0,1002287,1
37920.611989,4,0,0,1002101,1
37933.801351,4,0,0,1002037,1
37939.593465,4,0,0,1002114,1
37943.223571,4,0,0,1002087,1
37954.773087,4,0,0,1002324,1
37959.934630,4,0,0,1002374,1
37973.344607,4,0,0,1002321,1
37979.184707,4,0,0,1002204,1
37980.353913,4,0,0,1002237,1
37990.346733,4,0,0,1002083,1
37994.007830,4,0,0,1002135,1
37996.006565,4,0,0,1002003,1
37997.272500,4,0,0,1002022,1
37998.783381,4,0,0,1002042,1
38002.531225,4,0,0,1002068,1
38002.758536,4,0,0,1002039,1
38004.924955,4,0,0,1002011,1
38006.333214,4,0,0,1002043,1
38006.822159,4,0,0,1002058,1
38010.161152,4,0,0,1002200,1
38012.262948,4,0,0,1002162,1
38022.325918,4,0,0,1002078,1
38025.901651,4,0,0,1002015,1
38026.655112,4,0,0,1002022,1
38027.040458,4,0,0,1001955,1
38031.059583,4,0,0,1002009,1
38038.284399,4,0,0,1001999,1
38040.807626,4,0,0,1001939,1
38044.465036,4,0,0,1002110,1
38052.313118,4,0,0,1002133,1
38057.354101,4,0,0,1002163,1
38061.822191,4,0,0,1001905,1
38072.533117,4,0,0,1001995,1
38073.392858,4,0,0,1002015,1
38074.299442,4,0,0,1002048,1
38088.146333,4,0,0,1002168,1
38096.016643,4,0,0,1002156,1
38113.998594,4,0,0,1002393,1
38117.565408,4,0,0,1002488,1
38120.210423,4,0,0,1002466,1
38134.885840,4,0,0,1002345,1
38139.521727,4,0,0,1002350,1
38142.098459,4,0,0,1002382,1
38144.822078,4,0,0,1002483,1
38147.936753,4,0,0,1002519,1
38148.234147,4,0,0,1002488,1
38149.048917,4,0,0,1002495,1
38153.863260,4,0,0,1002389,1
38159.456528,4,0,0,1002431,1
38169.753187,4,0,0,1002481,1
38173.836920,4,0,0,1002542,1
38174.597316,4,0,0,1002495,1
38180.173113,4,0,0,1002295,1
38181.014147,4,0,0,1002349,1
38184.642157,4,0,0,1002344,1
38185.718770,4,0,0,1002303,1
38187.264688,4,0,0,1002312,1
38197.039608,4,0,0,1002124,1
38200.903931,4,0,0,1002117,1
38207.494151,4,0,0,1002205,1
38208.282820,4,0,0,1002195,1
38211.105083,4,0,0,1002152,1
38213.486919,4,0,0,1002179,1
38231.458307,4,0,0,1002242,1
38237.921938,4,0,0,1002226,1
38246.199282,4,0,0,1002275,1
38251.653780,4,0,0,1002131,1
38251.985837,4,0,0,1002150,1
38259.295877,4,0,0,1002133,1
38265.476235,4,0,0,1002160,1
38271.214341,4,0,0,1002283,1
38273.882067,4,0,0,1002273,1
38275.402428,4,0,0,1002304,1
38278.661708,4,0,0,1002150,1
38281.151884,4,0,0,1002181,1
38281.687225,4,0,0,1002238,1
38288.766236,4,0,0,1002211,1
38293.950156,4,0,0,1002290,1
38294.729908,4,0,0,1002284,1
38299.268114,4,0,0,1002076,1
38313.571359,4,0,0,1002199,1
38317.205626,4,0,0,1002395,1
38317.425020,4,0,0,1002379,1
38333.738258,4,0,0,1002387,1
38338.743344,4,0,0,1002434,1
38341.872713,4,0,0,1002288,1
38356.526126,4,0,0,1002381,1
38359.347293,4,0,0,1002375,1
38360.498358,4,0,0,1002486,1
38360.515607,4,0,0,1002486,1
38368.091507,4,0,0,1002450,1
38368.858865,4,0,0,1002369,1
38376.479708,4,0,0,1002273,1
38376.885073,4,0,0,1002260,1
38381.681619,4,0,0,1002223,1
38381.794984,4,0,0,1002244,1
38387.893499,4,0,0,1002258,1
38387.960993,4,0,0,1002248,1
38398.813872,4,0,0,1002266,1
38403.053211,4,0,0,1002258,1
38410.577834,4,0,0,1001974,1
38422.893434,4,0,0,1002169,1
38427.021870,4,0,0,1002191,1
38430.845170,4,0,0,1002206,1
38443.444130,4,0,0,1002207,1
38449.065179,4,0,0,1002200,1
38456.581426,4,0,0,1002159,1
38459.956499,4,0,0,1002012,1
38484.609618,4,0,0,1002084,1
38488.561840,4,0,0,1002044,1
38489.288446,4,0,0,1002023,1
38489.487589,4,0,0,1002002,1
38498.295566,4,0,0,1001990,1
38498.757672,4,0,0,1002004,1
38502.982353,4,0,0,1002054,1
38506.286179,4,0,0,1002048,1
38514.341044,4,0,0,1002016,1
38516.546593,4,0,0,1001906,1
38517.411021,4,0,0,1001923,1
38518.351428,4,0,0,1001950,1
38518.948826,4,0,0,1001943,1
38522.450334,4,0,0,1001902,1
38522.803230,4,0,0,1001899,1
38525.411860,4,0,0,1001818,1
38526.665423,4,0,0,1001854,1
38527.398814,4,0,0,1001779,1
38533.673281,4,0,0,1001732,1
38541.331388,4,0,0,1001812,1
38547.789025,4,0,0,1001839,1
38550.188555,4,0,0,1001834,1
38553.258351,4,0,0,1001777,1
38559.326129,4,0,0,1001512,1
38564.251277,4,0,0,1001588,1
38567.904899,4,0,0,1001487,1
38569.214122,4,0,0,1001513,1
38570.598079,4,0,0,1001432,1
38574.417664,4,0,0,1001556,1
38581.843251,4,0,0,1001468,1
38584.106453,4,0,0,1001363,1
38588.061743,4,0,0,1001364,1
38609.726982,4,0,0,1001165,1
38611.832217,4,0,0,1001211,1
38619.371454,4,0,0,1001196,1
38623.585681,4,0,0,1001212,1
38625.933193,4,0,0,1001149,1
38629.343845,4,0,0,1000988,1
38629.678807,4,0,0,1000936,1
38633.893520,4,0,0,1000912,1
38642.435313,4,0,0,1000738,1
38642.775105,4,0,0,1000741,1
38647.752496,4,0,0,1000711,1
38648.002509,4,0,0,1000730,1
38648.576069,4,0,0,1000721,1
38653.281575,4,0,0,1000703,1
38656.938458,4,0,0,1000742,1
38657.942266,4,0,0,1000769,1
38659.958720,4,0,0,1000619,1
38660.535679,4,0,0,1000563,1
38666.150484,4,0,0,1000573,1
38671.601248,4,0,0,1000675,1
38687.246304,4,0,0,1000879,1
38692.817518,4,0,0,1000771,1
38704.764650,4,0,0,1000596,1
38712.523783,4,0,0,1000797,1
38716.697553,4,0,0,1000960,1
38720.424982,4,0,0,1000999,1
38720.922701,4,0,0,1000930,1
38721.828124,4,0,0,1000883,1
38726.251164,4,0,0,1000730,1
38728.529609,4,0,0,1000645,1
38729.129558,4,0,0,1000720,1
38737.049829,4,0,0,1000518,1
38739.267430,4,0,0,1000559,1
38739.620269,4,0,0,1000613,1
38740.152434,4,0,0,1000649,1
38740.443254,4,0,0,1000627,1
38741.613828,4,0,0,1000678,1
38745.469515,4,0,0,1000781,1
38748.814139,4,0,0,1000814,1
38749.881808,4,0,0,1000804,1
38750.529585,4,0,0,1000798,1
38753.594498,4,0,0,1000881,1
38758.232366,4,0,0,1001007,1
38761.442169,4,0,0,1000917,1
38764.832804,4,0,0,1000841,1
38776.902550,4,0,0,1000703,1
38785.614630,4,0,0,1000930,1
38792.194655,4,0,0,1000857,1
38794.606976,4,0,0,1000960,1
38798.647687,4,0,0,1000924,1
38804.846669,4,0,0,1001011,1
38807.595150,4,0,0,1001115,1
38807.826112,4,0,0,1001101,1
38813.063968,4,0,0,1001176,1
38822.801563,4,0,0,1000925,1
38824.577976,4,0,0,1000947,1
38832.051392,4,0,0,1000956,1
38838.072510,4,0,0,1001028,1
38843.006858,4,0,0,1001015,1
38843.164584,4,0,0,1000986,1
38843.234508,4,0,0,1000989,1
38846.630982,4,0,0,1001030,1
38850.285219,4,0,0,1000909,1
38850.847751,4,0,0,1000947,1
38867.930929,4,0,0,1000493,1
38869.227403,4,0,0,1000411,1
38876.079660,4,0,0,1000384,1
38878.648794,4,0,0,1000379,1
38881.521705,4,0,0,1000369,1
38889.712415,4,0,0,1000152,1
38907.025629,4,0,0,1000088,1
38907.231984,4,0,0,1000087,1
38913.696643,4,0,0,1000122,1
38918.723670,4,0,0,1000086,1
38922.417142,4,0,0,999985,1
38924.734960,4,0,0,1000082,1
38928.034708,4,0,0,1000116,1
38929.555137,4,0,0,1000108,1
38942.477124,4,0,0,1000435,1
38943.163986,4,0,0,1000421,1
38943.956991,4,0,0,1000343,1
38949.847854,4,0,0,1000269,1
38952.840773,4,0,0,1000180,1
38957.655993,4,0,0,1000028,1
38962.189733,4,0,0,1000053,1
38968.249213,4,0,0,1000125,1
38968.984441,4,0,0,1000053,1
38974.788806,4,0,0,1000074,1
38976.703280,4,0,0,1000103,1
38982.332008,4,0,0,1000071,1
38984.395823,4,0,0,1000094,1
38992.731853,4,0,0,999810,1
39001.686093,4,0,0,1000092,1
39006.499822,4,0,0,1000066,1
39007.984270,4,0,0,1000138,1
39010.489675,4,0,0,1000159,1
39012.642314,4,0,0,1000127,1
39013.602744,4,0,0,1000220,1
39013.931641,4,0,0,1000196,1
39018.578348,4,0,0,1000175,1
39021.445862,4,0,0,1000042,1
39021.777935,4,0,0,1000045,1
39026.529444,4,0,0,999939,1
39030.892423,4,0,0,1000016,1
39034.441411,4,0,0,1000090,1
39034.999588,4,0,0,1000078,1
39038.002805,4,0,0,1000125,1
39041.368190,4,0,0,1000144,1
39041.975495,4,0,0,1000146,1
39043.356508,4,0,0,1000150,1
39071.522209,4,0,0,1000131,1
39089.060693,4,0,0,1000303,1
39099.807576,4,0,0,1000161,1
39103.030252,4,0,0,1000239,1
39109.323319,4,0,0,1000336,1
39109.859518,4,0,0,1000369,1
39112.521034,4,0,0,1000436,1
39118.233624,4,0,0,1000235,1
39119.999251,4,0,0,1000165,1
39128.849309,4,0,0,999929,1
39136.422166,4,0,0,999988,1
39138.006033,4,0,0,1000010,1
39138.221795,4,0,0,1000011,1
39142.927347,4,0,0,999964,1
39144.202612,4,0,0,999967,1
39150.830047,4,0,0,999859,1
39154.766283,4,0,0,999724,1
39164.395077,4,0,0,999784,1
39164.766970,4,0,0,999754,1
39167.570142,4,0,0,999637,1
39176.869323,4,0,0,999647,1
39185.144297,4,0,0,999813,1
39193.716217,4,0,0,999954,1
39194.104560,4,0,0,999976,1
39197.218249,4,0,0,1000059,1
39201.547943,4,0,0,999958,1
39205.254815,4,0,0,999878,1
39205.309894,4,0,0,999874,1
39212.327455,4,0,0,999735,1
39218.808903,4,0,0,999570,1
39222.066827,4,0,0,999488,1
39222.838620,4,0,0,999376,1
39223.738135,4,0,0,999383,1
39223.787087,4,0,0,999384,1
39227.605981,4,0,0,999367,1
39233.402973,4,0,0,999355,1
39238.717850,4,0,0,999402,1
39242.301576,4,0,0,999449,1
39244.907382,4,0,0,999454,1
39250.732775,4,0,0,999484,1
39254.558315,4,0,0,999534,1
39258.798062,4,0,0,999711,1
39259.273456,4,0,0,999728,1
39277.495861,4,0,0,999977,1
39277.592964,4,0,0,999935,1
39282.734130,4,0,0,999718,1
39288.697422,4,0,0,999579,1
39291.163786,4,0,0,999620,1
39297.099934,4,0,0,999503,1
39312.535173,4,0,0,999444,1
39318.889430,4,0,0,999553,1
39326.459879,4,0,0,999419,1
39327.625992,4,0,0,999440,1
39332.095957,4,0,0,999467,1
39333.262125,4,0,0,999412,1
39338.147763,4,0,0,999319,1
39347.177300,4,0,0,999372,1
39349.503214,4,0,0,999318,1
39350.671720,4,0,0,999357,1
39361.835413,4,0,0,999390,1
39363.330016,4,0,0,999372,1
39365.020770,4,0,0,999283,1
39385.119302,4,0,0,998995,1
39399.143739,4,0,0,999102,1
39408.009731,4,0,0,999095,1
39408.641100,4,0,0,999064,1
39415.951668,4,0,0,999140,1
39418.524888,4,0,0,999257,1
39421.154879,4,0,0,999128,1
39422.732758,4,0,0,999132,1
39424.355877,4,0,0,999145,1
39425.434740,4,0,0,999218,1
39427.336181,4,0,0,999329,1
39427.612759,4,0,0,999304,1
39430.044593,4,0,0,999353,1
39433.436300,4,0,0,999364,1
39458.421408,4,0,0,999343,1
39459.442407,4,0,0,999382,1
39465.074778,4,0,0,999411,1
39466.541112,4,0,0,999381,1
39468.327792,4,0,0,999427,1
39481.213684,4,0,0,999398,1
39485.087379,4,0,0,999277,1
39493.923512,4,0,0,999388,1
39510.103269,4,0,0,999548,1
39513.938503,4,0,0,999450,1
39523.036830,4,0,0,999518,1
39535.499292,4,0,0,999464,1
39538.123058,4,0,0,999529,1
39538.685179,4,0,0,999505,1
39541.829455,4,0,0,999484,1
39543.512137,4,0,0,999570,1
39553.023427,4,0,0,999593,1
39566.965347,4,0,0,999626,1
39567.190769,4,0,0,999633,1
39570.176281,4,0,0,999721,1
39571.334171,4,0,0,999789,1
39574.464088,4,0,0,999781,1
39574.858697,4,0,0,999752,1
39576.730668,4,0,0,999808,1
39577.287594,4,0,0,999806,1
39579.812559,4,0,0,999764,1
39580.081638,4,0,0,999760,1
39585.481197,4,0,0,999700,1
39597.416768,4,0,0,999841,1
39607.755381,4,0,0,999911,1
39611.065325,4,0,0,999880,1
39611.598163,4,0,0,999866,1
39619.652169,4,0,0,999802,1
39623.342303,4,0,0,999860,1
39624.349465,4,0,0,999821,1
39629.255622,4,0,0,999752,1
39636.860406,4,0,0,999625,1
39638.655200,4,0,0,999645,1
39644.861197,4,0,0,999648,1
39646.802778,4,0,0,999688,1
39653.861718,4,0,0,999699,1
39657.990959,4,0,0,999754,1
39667.020413,4,0,0,999563,1
39668.460195,4,0,0,999529,1
39675.366293,4,0,0,999500,1
39676.997901,4,0,0,999476,1
39680.081024,4,0,0,999410,1
39690.131386,4,0,0,999267,1
39695.637651,4,0,0,999354,1
39704.058882,4,0,0,999524,1
39708.558559,4,0,0,999418,1
39713.096412,4,0,0,999459,1
39726.117614,4,0,0,999336,1
39727.317661,4,0,0,999415,1
39735.728016,4,0,0,999533,1
39740.370823,4,0,0,999619,1
39749.966885,4,0,0,999496,1
39768.884968,4,0,0,999512,1
39770.468500,4,0,0,999515,1
39781.585845,4,0,0,999450,1
39782.639878,4,0,0,999434,1
39785.032647,4,0,0,999494,1
39801.676756,4,0,0,999344,1
39802.572654,4,0,0,999373,1
39804.322628,4,0,0,999228,1
39815.781425,4,0,0,998895,1
39818.081668,4,0,0,998989,1
39821.640924,4,0,0,999006,1
39823.093103,4,0,0,999087,1
39826.420972,4,0,0,999076,1
39829.916178,4,0,0,998864,1
39846.201825,4,0,0,999086,1
39848.947847,4,0,0,999132,1
39870.045561,4,0,0,999053,1
39872.660487,4,0,0,999050,1
39873.227577,4,0,0,999083,1
39877.878924,4,0,0,998995,1
39882.009052,4,0,0,999012,1
39889.805728,4,0,0,999255,1
39893.928297,4,0,0,999375,1
39902.221257,4,0,0,999275,1
39906.091013,4,0,0,999316,1
39914.922524,4,0,0,999242,1
39918.332854,4,0,0,999431,1
39921.888505,4,0,0,999481,1
39925.379504,4,0,0,999338,1
39932.848870,4,0,0,999294,1
39935.837231,4,0,0,999493,1
39936.859530,4,0,0,999518,1
39942.253685,4,0,0,999686,1
39953.255933,4,0,0,999745,1
39953.965273,4,0,0,999757,1
39955.336416,4,0,0,999773,1
39957.776280,4,0,0,999889,1
39958.534169,4,0,0,999883,1
39965.458555,4,0,0,999834,1
39972.177752,4,0,0,999910,1
39975.208339,4,0,0,999901,1
39987.866181,4,0,0,999957,1
39998.983017,4,0,0,999904,1
40007.133314,4,0,0,1000164,1
40012.311614,4,0,0,1000284,1
40027.517334,4,0,0,1000557,1
40034.441749,4,0,0,1000651,1
40043.802702,4,0,0,1000614,1
40046.991586,4,0,0,1000667,1
40060.362318,4,0,0,1000728,1
40067.823273,4,0,0,1000877,1
40071.181908,4,0,0,1000722,1
40080.978203,4,0,0,1000848,1
40081.706622,4,0,0,1000827,1
40084.188375,4,0,0,1000851,1
40088.162524,4,0,0,1001065,1
40096.399451,4,0,0,1001014,1
40104.791947,4,0,0,1001108,1
40107.001365,4,0,0,1000947,1
40110.878087,4,0,0,1001041,1
40113.656511,4,0,0,1000985,1
40115.107255,4,0,0,1001008,1
40115.821479,4,0,0,1000993,1
40119.482349,4,0,0,1001093,1
40125.123545,4,0,0,1000966,1
40131.086643,4,0,0,1000713,1
40138.866954,4,0,0,1000471,1
40145.237271,4,0,0,1000434,1
40148.091920,4,0,0,1000436,1
40148.864451,4,0,0,1000461,1
40152.565525,4,0,0,1000510,1
40155.036150,4,0,0,1000490,1
40155.107881,4,0,0,1000502,1
40166.805577,4,0,0,1000433,1
40171.331820,4,0,0,1000396,1
40180.033359,4,0,0,1000728,1
40183.379342,4,0,0,1000657,1
40183.954990,4,0,0,1000649,1
40185.518927,4,0,0,1000834,1
40190.737726,4,0,0,1001054,1
40203.002101,4,0,0,1000924,1
40207.661878,4,0,0,1000974,1
40219.278238,4,0,0,1000847,1
40229.720939,4,0,0,1001072,1
40231.188858,4,0,0,1000996,1
40232.143533,4,0,0,1000977,1
40237.413677,4,0,0,1001079,1
40244.316584,4,0,0,1000851,1
40248.188728,4,0,0,1000811,1
40255.844977,4,0,0,1000794,1
40272.577903,4,0,0,1000856,1
40273.470646,4,0,0,1000876,1
40276.581100,4,0,0,1000799,1
40277.103635,4,0,0,1000776,1
40279.024742,4,0,0,1000748,1
40279.451429,4,0,0,1000767,1
40286.228183,4,0,0,1000974,1
40290.408480,4,0,0,1000972,1
40296.308581,4,0,0,1000943,1
40299.805399,4,0,0,1001108,1
40299.905786,4,0,0,1001088,1
40301.020335,4,0,0,1001176,1
40303.944260,4,0,0,1001093,1
40304.845105,4,0,0,1001100,1
40313.199734,4,0,0,1000976,1
40313.260981,4,0,0,1000968,1
40315.154908,4,0,0,1000811,1
40318.511294,4,0,0,1001175,1
40321.371231,4,0,0,1001139,1
40322.687722,4,0,0,1001115,1
40337.173298,4,0,0,1000930,1
40342.031716,4,0,0,1001004,1
40342.670300,4,0,0,1001020,1
40357.896118,4,0,0,1001114,1
40358.125021,4,0,0,1001132,1
40363.654148,4,0,0,1001187,1
40384.302603,4,0,0,1001352,1
40389.802580,4,0,0,1001539,1
40393.299453,4,0,0,1001567,1
40394.227575,4,0,0,1001472,1
40398.251876,4,0,0,1001572,1
40404.633429,4,0,0,1001756,1
40405.131459,4,0,0,1001796,1
40412.799137,4,0,0,1001873,1
40417.341978,4,0,0,1001840,1
40417.676671,4,0,0,1001903,1
40425.321518,4,0,0,1001915,1
40429.784947,4,0,0,1002050,1
40437.942956,4,0,0,1002129,1
40439.009125,4,0,0,1002093,1
40440.848152,4,0,0,1002014,1
40452.513733,4,0,0,1002204,1
40465.755172,4,0,0,1002138,1
40482.780386,4,0,0,1001976,1
40482.890975,4,0,0,1001967,1
40485.563084,4,0,0,1001925,1
40501.046617,4,0,0,1002037,1
40506.190777,4,0,0,1001981,1
40509.215460,4,0,0,1001923,1
40509.957922,4,0,0,1001976,1
40513.326367,4,0,0,1002002,1
40520.476090,4,0,0,1002192,1
40524.648710,4,0,0,1002180,1
40527.087736,4,0,0,1002065,1
40569.665152,4,0,0,1002093,1
40570.330337,4,0,0,1002021,1
40580.036743,4,0,0,1001993,1
40580.967383,4,0,0,1002021,1
40582.445869,4,0,0,1001977,1
40592.643565,4,0,0,1002052,1
40594.321409,4,0,0,1001846,1
40595.448523,4,0,0,1001839,1
40596.725054,4,0,0,1001896,1
40612.383221,4,0,0,1001723,1
40626.111391,4,0,0,1001728,1
40632.451812,4,0,0,1001892,1
40636.300071,4,0,0,1001899,1
40656.463229,4,0,0,1001847,1
40661.536366,4,0,0,1001921,1
40664.690525,4,0,0,1001892,1
40674.303418,4,0,0,1001750,1
40678.775204,4,0,0,1001705,1
40682.222211,4,0,0,1001684,1
40687.342756,4,0,0,1001722,1
40688.773723,4,0,0,1001714,1
40689.192122,4,0,0,1001699,1
40695.175693,4,0,0,1001781,1
40698.692180,4,0,0,1001805,1
40701.583719,4,0,0,1001858,1
40711.059967,4,0,0,1002015,1
40719.830188,4,0,0,1001901,1
40721.471185,4,0,0,1001969,1
40724.306854,4,0,0,1001994,1
40729.927224,4,0,0,1001941,1
40733.814936,4,0,0,1001862,1
40740.221923,4,0,0,1001727,1
40740.539119,4,0,0,1001713,1
40746.902965,4,0,0,1001661,1
40748.338629,4,0,0,1001705,1
40748.993378,4,0,0,1001674,1
40751.042660,4,0,0,1001866,1
40756.075647,4,0,0,1001989,1
40759.886364,4,0,0,1002020,1
40759.971414,4,0,0,1002009,1
40762.177175,4,0,0,1001969,1
40763.009585,4,0,0,1001951,1
40767.790928,4,0,0,1001932,1
40769.135392,4,0,0,1001805,1
40770.474665,4,0,0,1001790,1
40775.342813,4,0,0,1001857,1
40777.560763,4,0,0,1001795,1
40783.309648,4,0,0,1001687,1
40785.981099,4,0,0,1001749,1
40788.608395,4,0,0,1001701,1
40790.854614,4,0,0,1001803,1
40794.432512,4,0,0,1001934,1
40812.087319,4,0,0,1001747,1
40814.342558,4,0,0,1001777,1
40814.605124,4,0,0,1001737,1
40815.481877,4,0,0,1001745,1
40817.824420,4,0,0,1001904,1
40827.366074,4,0,0,1001649,1
40829.755362,4,0,0,1001697,1
40838.096718,4,0,0,1001655,1
40839.592395,4,0,0,1001653,1
40845.770955,4,0,0,1001738,1
40846.686746,4,0,0,1001701,1
40855.724299,4,0,0,1001556,1
40860.700976,4,0,0,1001557,1
40864.140244,4,0,0,1001609,1
40887.769936,4,0,0,1001708,1
40892.864093,4,0,0,1001802,1
40912.227746,4,0,0,1001827,1
40916.960004,4,0,0,1001983,1
40930.651114,4,0,0,1001852,1
40936.258400,4,0,0,1001718,1
40940.019351,4,0,0,1001599,1
40942.243440,4,0,0,1001772,1
40944.672413,4,0,0,1001699,1
40947.375956,4,0,0,1001630,1
40948.185743,4,0,0,1001672,1
40951.841490,4,0,0,1001553,1
40981.123026,4,0,0,1001390,1
40986.398263,4,0,0,1001496,1
40986.580550,4,0,0,1001463,1
40987.990248,4,0,0,1001528,1
40997.171537,4,0,0,1001572,1
41001.303994,4,0,0,1001608,1
41001.848360,4,0,0,1001597,1
41005.292662,4,0,0,1001691,1
41006.462239,4,0,0,1001764,1
41019.932704,4,0,0,1001310,1
41025.326612,4,0,0,1001433,1
41028.735100,4,0,0,1001463,1
41034.963599,4,0,0,1001649,1
41038.374742,4,0,0,1001793,1
41040.587406,4,0,0,1001681,1
41045.781247,4,0,0,1001805,1
41047.357327,4,0,0,1001761,1
41052.408745,4,0,0,1001615,1
41060.114123,4,0,0,1001533,1
41067.802708,4,0,0,1001521,1
41069.055250,4,0,0,1001494,1
41072.096691,4,0,0,1001597,1
41084.259701,4,0,0,1001623,1
41084.995308,4,0,0,1001622,1
41085.960681,4,0,0,1001647,1
41086.735339,4,0,0,1001640,1
41086.842406,4,0,0,1001639,1
41088.560026,4,0,0,1001582,1
41091.358527,4,0,0,1001502,1
41107.799597,4,0,0,1001322,1
41109.280684,4,0,0,1001318,1
41119.940800,4,0,0,1001235,1
41123.204714,4,0,0,1001194,1
41124.492905,4,0,0,1001220,1
41126.675353,4,0,0,1001158,1
41132.736092,4,0,0,1001213,1
41134.907160,4,0,0,1001078,1
41137.579639,4,0,0,1000935,1
41140.185797,4,0,0,1000883,1
41145.063908,4,0,0,1000699,1
41156.287912,4,0,0,1000858,1
41156.307407,4,0,0,1000851,1
41160.188809,4,0,0,1000843,1
41169.981454,4,0,0,1000940,1
41170.667128,4,0,0,1000901,1
41170.836850,4,0,0,1000855,1
41186.029934,4,0,0,1000825,1
41193.604990,4,0,0,1001011,1
41200.335495,4,0,0,1001212,1
41200.699507,4,0,0,1001221,1
41204.722968,4,0,0,1001064,1
41208.816585,4,0,0,1001054,1
41209.981822,4,0,0,1001010,1
41218.925515,4,0,0,1000996,1
41223.445812,4,0,0,1001151,1
41229.779183,4,0,0,1001116,1
41244.438577,4,0,0,1000969,1
41248.877125,4,0,0,1001029,1
41255.838733,4,0,0,1000808,1
41257.099201,4,0,0,1000774,1
41258.077453,4,0,0,1000720,1
41258.744765,4,0,0,1000767,1
41262.402013,4,0,0,1000845,1
41263.134674,4,0,0,1000816,1
41264.391134,4,0,0,1000821,1
41268.533687,4,0,0,1000696,1
41275.298275,4,0,0,1000823,1
41289.910056,4,0,0,1000728,1
41299.868718,4,0,0,1001028,1
41306.905079,4,0,0,1001195,1
41311.983602,4,0,0,1001138,1
41317.385400,4,0,0,1001139,1
41321.625404,4,0,0,1001125,1
41321.630625,4,0,0,1001124,1
41328.983244,4,0,0,1001053,1
41331.165785,4,0,0,1001050,1
41338.764219,4,0,0,1000899,1
41359.935511,4,0,0,1000756,1
41361.883838,4,0,0,1000846,1
41374.725489,4,0,0,1000782,1
41381.779592,4,0,0,1000960,1
41383.310940,4,0,0,1000922,1
41385.097376,4,0,0,1000887,1
41394.242742,4,0,0,1001157,1
41394.982329,4,0,0,1001168,1
41402.736237,4,0,0,1000787,1
41403.980419,4,0,0,1000763,1
41405.500166,4,0,0,1000836,1
41411.251248,4,0,0,1000906,1
41421.920940,4,0,0,1000927,1
41428.627361,4,0,0,1000953,1
41439.677327,4,0,0,1001095,1
41450.731767,4,0,0,1000984,1
41454.357323,4,0,0,1000910,1
41458.734059,4,0,0,1000859,1
41460.456167,4,0,0,1000872,1
41463.221157,4,0,0,1000912,1
41463.960357,4,0,0,1000917,1
41468.547373,4,0,0,1000919,1
41488.329561,4,0,0,1000624,1
41489.116049,4,0,0,1000609,1
41494.586416,4,0,0,1000688,1
41498.983722,4,0,0,1000581,1
41504.083967,4,0,0,1000671,1
41512.599273,4,0,0,1000563,1
41519.078431,4,0,0,1000676,1
41520.628094,4,0,0,1000618,1
41523.489376,4,0,0,1000616,1
41527.626864,4,0,0,1000615,1
41528.980766,4,0,0,1000566,1
41532.554468,4,0,0,1000619,1
41535.460359,4,0,0,1000711,1
41541.823987,4,0,0,1000718,1
41542.112452,4,0,0,1000704,1
41543.260190,4,0,0,1000740,1
41543.516636,4,0,0,1000705,1
41544.295949,4,0,0,1000746,1
41549.453370,4,0,0,1000730,1
41550.923948,4,0,0,1000698,1
41553.524191,4,0,0,1000681,1
41568.812012,4,0,0,1000631,1
41570.920870,4,0,0,1000665,1
41572.830864,4,0,0,1000800,1
41577.993354,4,0,0,1000710,1
41579.253079,4,0,0,1000684,1
41594.569358,4,0,0,1000390,1
41598.669741,4,0,0,1000194,1
41608.277110,4,0,0,1000168,1
41613.483403,4,0,0,1000140,1
41613.622094,4,0,0,1000117,1
41624.679380,4,0,0,1000120,1
41624.777625,4,0,0,1000119,1
41630.648320,4,0,0,1000139,1
41634.373049,4,0,0,1000158,1
41638.992909,4,0,0,1000100,1
41645.002003,4,0,0,1000331,1
41647.241273,4,0,0,1000345,1
41647.678209,4,0,0,1000280,1
41652.731699,4,0,0,1000189,1
41662.349952,4,0,0,1000616,1
41667.686112,4,0,0,1000479,1
41670.340296,4,0,0,1000379,1
41673.902215,4,0,0,1000442,1
41678.435478,4,0,0,1000511,1
41681.925408,4,0,0,1000557,1
41681.997301,4,0,0,1000557,1
41682.888851,4,0,0,1000696,1
41683.260077,4,0,0,1000646,1
41684.890458,4,0,0,1000605,1
41686.727916,4,0,0,1000622,1
41688.029036,4,0,0,1000604,1
41699.123200,4,0,0,1000553,1
41705.681510,4,0,0,1000508,1
41705.729919,4,0,0,1000517,1
41706.772308,4,0,0,1000555,1
41720.957353,4,0,0,1000472,1
41724.748179,4,0,0,1000605,1
41728.209042,4,0,0,1000702,1
41731.751854,4,0,0,1000799,1
41748.620981,4,0,0,1000696,1
41761.620253,4,0,0,1000568,1
41767.028339,4,0,0,1000488,1
41770.761114,4,0,0,1000604,1
41778.007616,4,0,0,1000500,1
41779.461015,4,0,0,1000494,1
41785.508189,4,0,0,1000470,1
41788.261787,4,0,0,1000532,1
41788.739589,4,0,0,1000459,1
41790.330172,4,0,0,1000481,1
41796.921765,4,0,0,1000401,1
41799.036351,4,0,0,1000449,1
41805.201721,4,0,0,1000536,1
41809.116973,4,0,0,1000652,1
41830.506396,4,0,0,1000528,1
41832.955762,4,0,0,1000483,1
41838.507067,4,0,0,1000484,1
41840.926371,4,0,0,1000374,1
41841.367644,4,0,0,1000383,1
41850.366508,4,0,0,1000210,1
41850.414941,4,0,0,1000214,1
41857.114666,4,0,0,1000425,1
41864.080778,4,0,0,1000258,1
41866.005950,4,0,0,1000320,1
41867.254089,4,0,0,1000347,1
41872.046045,4,0,0,1000333,1
41874.576883,4,0,0,1000388,1
41883.304000,4,0,0,1000287,1
41889.673674,4,0,0,1000339,1
41893.227855,4,0,0,1000364,1
41895.158477,4,0,0,1000464,1
41905.115029,4,0,0,1000534,1
41907.910020,4,0,0,1000562,1
41912.440241,4,0,0,1000544,1
41914.765288,4,0,0,1000487,1
41921.530355,4,0,0,1000497,1
41928.677268,4,0,0,1000654,1
41933.206824,4,0,0,1000787,1
41935.997061,4,0,0,1000672,1
41944.818894,4,0,0,1000571,1
41952.486479,4,0,0,1000644,1
41953.743675,4,0,0,1000729,1
41965.468550,4,0,0,1000967,1
41974.151852,4,0,0,1000707,1
41982.669829,4,0,0,1000518,1
41987.637942,4,0,0,1000734,1
41994.421328,4,0,0,1000985,1
42001.062322,4,0,0,1001109,1
42001.712764,4,0,0,1001117,1
42003.926437,4,0,0,1001162,1
42012.049497,4,0,0,1000962,1
42020.487175,4,0,0,1001046,1
42024.007631,4,0,0,1001040,1
42025.627354,4,0,0,1001048,1
42036.139787,4,0,0,1000889,1
42036.741454,4,0,0,1000867,1
42037.036991,4,0,0,1000876,1
42043.874888,4,0,0,1000993,1
42049.275801,4,0,0,1001210,1
42054.328076,4,0,0,1001431,1
42064.172924,4,0,0,1001510,1
42066.922884,4,0,0,1001399,1
42071.373828,4,0,0,1001440,1
42080.122394,4,0,0,1001461,1
42086.073344,4,0,0,1001481,1
42106.514987,4,0,0,1001819,1
42114.091332,4,0,0,1001787,1
42115.458506,4,0,0,1001777,1
42116.480291,4,0,0,1001872,1
42131.724371,4,0,0,1001596,1
42140.760140,4,0,0,1001574,1
42154.197023,4,0,0,1001434,1
42155.495373,4,0,0,1001445,1
42161.311032,4,0,0,1001398,1
42161.786352,4,0,0,1001411,1
42175.916735,4,0,0,1001399,1
42179.463461,4,0,0,1001580,1
42181.913768,4,0,0,1001563,1
42189.157990,4,0,0,1001612,1
42201.499133,4,0,0,1001751,1
42206.951656,4,0,0,1001650,1
42207.644728,4,0,0,1001612,1
42207.802506,4,0,0,1001602,1
42223.592693,4,0,0,1001306,1
42229.279644,4,0,0,1001071,1
42232.461033,4,0,0,1000950,1
42234.110369,4,0,0,1001024,1
42236.603694,4,0,0,1001091,1
42238.269638,4,0,0,1001033,1
42244.580629,4,0,0,1001126,1
42246.366420,4,0,0,1001054,1
42247.400215,4,0,0,1001048,1
42248.576108,4,0,0,1000954,1
42251.205990,4,0,0,1000979,1
42263.620628,4,0,0,1001343,1
42268.594819,4,0,0,1001259,1
42270.423461,4,0,0,1001256,1
42272.697456,4,0,0,1001245,1
42282.215727,4,0,0,1001071,1
42284.752995,4,0,0,1001002,1
42286.416973,4,0,0,1000953,1
42291.964167,4,0,0,1000829,1
42294.314247,4,0,0,1000721,1
42301.336954,4,0,0,1000832,1
42302.598184,4,0,0,1000852,1
42306.707367,4,0,0,1000773,1
42315.198672,4,0,0,1001018,1
42323.734880,4,0,0,1001169,1
42324.093629,4,0,0,1001094,1
42324.099869,4,0,0,1001088,1
42324.281673,4,0,0,1001114,1
42332.502134,4,0,0,1001027,1
42336.619046,4,0,0,1001050,1
42338.245893,4,0,0,1001084,1
42342.691773,4,0,0,1001129,1
42344.760676,4,0,0,1001183,1
42365.499178,4,0,0,1001145,1
42367.918083,4,0,0,1001182,1
42371.699734,4,0,0,1001093,1
42378.956888,4,0,0,1001018,1
42380.278569,4,0,0,1001049,1
42384.373266,4,0,0,1001075,1
42386.488885,4,0,0,1001169,1
42389.629706,4,0,0,1001240,1
42394.725992,4,0,0,1001328,1
42398.788148,4,0,0,1001453,1
42401.348987,4,0,0,1001307,1
42403.068382,4,0,0,1001294,1
42405.117338,4,0,0,1001352,1
42407.213471,4,0,0,1001398,1
42408.403687,4,0,0,1001342,1
42413.765815,4,0,0,1001389,1
42416.422349,4,0,0,1001331,1
42418.497378,4,0,0,1001367,1
42421.053869,4,0,0,1001519,1
42423.731635,4,0,0,1001411,1
42425.352131,4,0,0,1001423,1
42427.728599,4,0,0,1001394,1
42432.242765,4,0,0,1001392,1
42442.870232,4,0,0,1001244,1
42444.505687,4,0,0,1001325,1
42445.525592,4,0,0,1001296,1
42446.349007,4,0,0,1001356,1
42446.504960,4,0,0,1001358,1
42457.468969,4,0,0,1001312,1
42463.063362,4,0,0,1001074,1
42463.453576,4,0,0,1001139,1
42469.607227,4,0,0,1001099,1
42471.692185,4,0,0,1001102,1
42475.710157,4,0,0,1001048,1
42477.720542,4,0,0,1001101,1
42480.764815,4,0,0,1001118,1
42491.614207,4,0,0,1001249,1
42499.979716,4,0,0,1001313,1
42502.263851,4,0,0,1001212,1
42504.636913,4,0,0,1001295,1
42505.412491,4,0,0,1001270,1
42509.421834,4,0,0,1001319,1
42510.002450,4,0,0,1001252,1
42520.149982,4,0,0,1001329,1
42529.743657,4,0,0,1001012,1
42538.027090,4,0,0,1000928,1
42538.163428,4,0,0,1000932,1
42539.864888,4,0,0,1000992,1
42541.095605,4,0,0,1000969,1
42543.625532,4,0,0,1000946,1
42557.903383,4,0,0,1001293,1
42565.087664,4,0,0,1001357,1
42568.681008,4,0,0,1001173,1
42592.746572,4,0,0,1001479,1
42593.048887,4,0,0,1001455,1
42595.932617,4,0,0,1001389,1
42598.001407,4,0,0,1001195,1
42606.210245,4,0,0,1001396,1
42609.393107,4,0,0,1001248,1
42612.173951,4,0,0,1001187,1
42612.946138,4,0,0,1001167,1
42620.493864,4,0,0,1001301,1
42636.384085,4,0,0,1001260,1
42643.750281,4,0,0,1001244,1
42661.487570,4,0,0,1001445,1
42662.461537,4,0,0,1001487,1
42667.183370,4,0,0,1001300,1
42669.961919,4,0,0,1001311,1
42670.140231,4,0,0,1001295,1
42677.360889,4,0,0,1001341,1
42678.279481,4,0,0,1001354,1
42690.673320,4,0,0,1001279,1
42691.888863,4,0,0,1001287,1
42693.334421,4,0,0,1001313,1
42710.126125,4,0,0,1001550,1
42711.858624,4,0,0,1001465,1
42720.857797,4,0,0,1001499,1
42727.306320,4,0,0,1001525,1
42736.913503,4,0,0,1001539,1
42737.269968,4,0,0,1001521,1
42740.328947,4,0,0,1001539,1
42742.659577,4,0,0,1001558,1
42747.781507,4,0,0,1001525,1
42759.195960,4,0,0,1001505,1
42763.645914,4,0,0,1001272,1
42772.250881,4,0,0,1001256,1
42782.515402,4,0,0,1001126,1
42785.616970,4,0,0,1001257,1
42788.203157,4,0,0,1001036,1
42791.286647,4,0,0,1001082,1
42793.041884,4,0,0,1001082,1
42794.024297,4,0,0,1001012,1
42800.615540,4,0,0,1000872,1
42814.599896,4,0,0,1000711,1
42818.042992,4,0,0,1000887,1
42820.000237,4,0,0,1000886,1
42820.577827,4,0,0,1000876,1
42825.470639,4,0,0,1000792,1
42826.399219,4,0,0,1000833,1
42833.816919,4,0,0,1000710,1
42836.565781,4,0,0,1000641,1
42838.510357,4,0,0,1000638,1
42843.479152,4,0,0,1000538,1
42853.411228,4,0,0,1000712,1
42861.586762,4,0,0,1000917,1
42875.828133,4,0,0,1000565,1
42881.238078,4,0,0,1000422,1
42891.495299,4,0,0,1000286,1
42893.946544,4,0,0,1000225,1
42900.183840,4,0,0,1000464,1
42909.915406,4,0,0,1000393,1
42910.142312,4,0,0,1000346,1
42916.597638,4,0,0,1000372,1
42924.252195,4,0,0,1000138,1
42926.302993,4,0,0,1000133,1
42928.157469,4,0,0,1000131,1
42947.598745,4,0,0,1000056,1
42952.442942,4,0,0,999904,1
42954.193948,4,0,0,999796,1
42955.185232,4,0,0,999813,1
42961.253925,4,0,0,999761,1
42961.729179,4,0,0,999784,1
42962.345257,4,0,0,999748,1
42966.962189,4,0,0,999817,1
42970.492793,4,0,0,999831,1
42970.711478,4,0,0,999828,1
42974.273538,4,0,0,1000106,1
42987.259409,4,0,0,999966,1
42992.097238,4,0,0,1000149,1
42999.887107,4,0,0,1000257,1
43011.111543,4,0,0,1000490,1
43014.200578,4,0,0,1000381,1
43020.411855,4,0,0,1000179,1
43024.583639,4,0,0,1000295,1
43034.795115,4,0,0,1000482,1
43039.255292,4,0,0,1000492,1
43047.189790,4,0,0,1000768,1
43053.021747,4,0,0,1000855,1
43054.252571,4,0,0,1000803,1
43057.029039,4,0,0,1000822,1
43066.262800,4,0,0,1000729,1
43069.071835,4,0,0,1000883,1
43071.306098,4,0,0,1000884,1
43084.908215,4,0,0,1000840,1
43088.454452,4,0,0,1000801,1
43096.788200,4,0,0,1000415,1
43098.748435,4,0,0,1000386,1
43099.962848,4,0,0,1000330,1
43102.372570,4,0,0,1000100,1
43103.112408,4,0,0,1000094,1
43109.397842,4,0,0,1000187,1
43114.478975,4,0,0,1000038,1
43120.015696,4,0,0,999690,1
43120.627187,4,0,0,999710,1
43149.302677,4,0,0,999878,1
43156.954516,4,0,0,1000151,1
43176.769495,4,0,0,1000130,1
43177.453999,4,0,0,1000153,1
43178.917474,4,0,0,1000091,1
43188.047630,4,0,0,1000265,1
43192.055135,4,0,0,1000103,1
43192.857442,4,0,0,1000054,1
43202.107875,4,0,0,1000110,1
43207.501267,4,0,0,1000029,1
43214.849605,4,0,0,999868,1
43216.029897,4,0,0,999836,1
43217.169191,4,0,0,999843,1
43233.361580,4,0,0,1000099,1
43233.704839,4,0,0,1000134,1
43236.859656,4,0,0,1000170,1
43238.927843,4,0,0,1000097,1
43248.063935,4,0,0,999906,1
43249.187642,4,0,0,999991,1
43250.721361,4,0,0,1000072,1
43251.451587,4,0,0,1000092,1
43252.188884,4,0,0,1000014,1
43253.450225,4,0,0,1000032,1
43253.508708,4,0,0,1000040,1
43254.619178,4,0,0,1000030,1
43255.155200,4,0,0,1000005,1
43256.814251,4,0,0,999916,1
43259.631834,4,0,0,999900,1
43268.768832,4,0,0,999667,1
43276.831187,4,0,0,999713,1
43285.902068,4,0,0,999604,1
43288.195148,4,0,0,999675,1
43290.943052,4,0,0,999682,1
43291.533625,4,0,0,999683,1
43300.860819,4,0,0,999638,1
43313.503124,4,0,0,999557,1
43314.764132,4,0,0,999608,1
43315.775008,4,0,0,999611,1
43316.058399,4,0,0,999578,1
43317.221920,4,0,0,999510,1
43332.670705,4,0,0,999469,1
43343.294690,4,0,0,999324,1
43344.224440,4,0,0,999388,1
43346.605995,4,0,0,999315,1
43347.554165,4,0,0,999330,1
43348.611928,4,0,0,999316,1
43351.828762,4,0,0,999181,1
43352.070866,4,0,0,999208,1
43360.073566,4,0,0,999067,1
43361.451067,4,0,0,999084,1
43371.026032,4,0,0,999169,1
43372.268014,4,0,0,999132,1
43378.113775,4,0,0,999081,1
43381.513846,4,0,0,999110,1
43384.325861,4,0,0,999200,1
43389.272561,4,0,0,999224,1
43392.840626,4,0,0,999228,1
43415.390224,4,0,0,999425,1
43419.116128,4,0,0,999323,1
43422.155675,4,0,0,999236,1
43425.637825,4,0,0,999254,1
43426.389606,4,0,0,999293,1
43436.081114,4,0,0,999155,1
43436.559861,4,0,0,999179,1
43436.764530,4,0,0,999173,1
43439.357944,4,0,0,999160,1
43442.120069,4,0,0,999108,1
43461.729728,4,0,0,999356,1
43463.117437,4,0,0,999362,1
43463.725868,4,0,0,999347,1
43471.165957,4,0,0,999412,1
43472.675998,4,0,0,999499,1
43476.599050,4,0,0,999504,1
43479.229670,4,0,0,999471,1
43479.682140,4,0,0,999455,1
43480.313663,4,0,0,999470,1
43481.534412,4,0,0,999506,1
43483.020173,4,0,0,999540,1
43489.533381,4,0,0,999487,1
43490.638110,4,0,0,999542,1
43491.813595,4,0,0,999521,1
43492.824364,4,0,0,999622,1
43497.490887,4,0,0,999476,1
43499.375263,4,0,0,999492,1
43501.188798,4,0,0,999564,1
43502.155641,4,0,0,999530,1
43502.488587,4,0,0,999513,1
43502.727839,4,0,0,999512,1
43518.587600,4,0,0,999419,1
43518.891008,4,0,0,999429,1
43520.253825,4,0,0,999447,1
43528.396380,4,0,0,999672,1
43528.937465,4,0,0,999726,1
43531.837997,4,0,0,999824,1
43533.497094,4,0,0,999734,1
43535.856870,4,0,0,999567,1
43538.793985,4,0,0,999451,1
43541.319071,4,0,0,999592,1
43541.707316,4,0,0,999588,1
43544.416907,4,0,0,999639,1
43552.079435,4,0,0,999617,1
43555.364820,4,0,0,999567,1
43564.759189,4,0,0,999616,1
43565.034790,4,0,0,999601,1
43565.973155,4,0,0,999675,1
43566.175926,4,0,0,999664,1
43566.729399,4,0,0,999631,1
43568.618429,4,0,0,999761,1
43573.475143,4,0,0,999669,1
43573.656638,4,0,0,999669,1
43595.405591,4,0,0,999948,1
43598.108342,4,0,0,1000008,1
43599.487166,4,0,0,1000046,1
43601.591487,4,0,0,1000023,1
43601.878195,4,0,0,1000000,1
43602.917313,4,0,0,999946,1
43606.798925,4,0,0,1000041,1
43607.123993,4,0,0,1000061,1
43610.534096,4,0,0,1000140,1
43613.433530,4,0,0,1000155,1
43619.443833,4,0,0,1000313,1
43629.476109,4,0,0,1000305,1
43641.650619,4,0,0,1000411,1
43647.797602,4,0,0,1000280,1
43650.321644,4,0,0,1000206,1
43654.535039,4,0,0,1000235,1
43656.970558,4,0,0,1000251,1
43657.327925,4,0,0,1000210,1
43662.431435,4,0,0,1000228,1
43664.937431,4,0,0,1000236,1
43665.169997,4,0,0,1000253,1
43665.659164,4,0,0,1000319,1
43669.837282,4,0,0,1000201,1
43680.623615,4,0,0,1000059,1
43690.821296,4,0,0,999960,1
43702.864503,4,0,0,1000131,1
43708.143999,4,0,0,1000000,1
43715.948194,4,0,0,1000040,1
43719.025100,4,0,0,1000004,1
43726.901143,4,0,0,1000064,1
43748.107346,4,0,0,1000456,1
43751.406290,4,0,0,1000486,1
43752.024475,4,0,0,1000471,1
43757.039658,4,0,0,1000286,1
43767.011364,4,0,0,1000445,1
43771.856235,4,0,0,1000423,1
43777.960257,4,0,0,1000610,1
43783.000583,4,0,0,1000595,1
43783.098231,4,0,0,1000586,1
43783.578571,4,0,0,1000593,1
43794.248065,4,0,0,1000523,1
43823.240917,4,0,0,1000587,1
43831.634974,4,0,0,1000392,1
43836.923960,4,0,0,1000335,1
43838.972523,4,0,0,1000298,1
43840.105626,4,0,0,1000331,1
43858.427901,4,0,0,1000565,1
43865.858863,4,0,0,1000562,1
43867.680795,4,0,0,1000589,1
43877.755327,4,0,0,1000639,1
43880.976695,4,0,0,1000617,1
43884.547314,4,0,0,1000696,1
43887.016530,4,0,0,1000731,1
43894.340893,4,0,0,1000864,1
43897.277319,4,0,0,1000976,1
43901.878698,4,0,0,1001033,1
43906.700053,4,0,0,1001048,1
43910.754049,4,0,0,1000938,1
43910.798384,4,0,0,1000939,1
43913.727182,4,0,0,1001076,1
43914.172893,4,0,0,1001045,1
43929.542014,4,0,0,1000970,1
43933.690474,4,0,0,1000975,1
43935.821333,4,0,0,1001010,1
43941.860280,4,0,0,1001153,1
43954.792827,4,0,0,1001393,1
43959.449545,4,0,0,1001368,1
43960.875938,4,0,0,1001433,1
43963.972903,4,0,0,1001480,1
43965.248508,4,0,0,1001567,1
43965.394355,4,0,0,1001598,1
43966.213309,4,0,0,1001567,1
43967.530665,4,0,0,1001553,1
43971.340407,4,0,0,1001586,1
43972.129761,4,0,0,1001522,1
43973.405145,4,0,0,1001496,1
43973.994571,4,0,0,1001500,1
43974.194432,4,0,0,1001463,1
43986.754992,4,0,0,1001500,1
43987.040888,4,0,0,1001509,1
43993.254876,4,0,0,1001874,1
44001.333914,4,0,0,1001846,1
44009.448060,4,0,0,1001867,1
44010.003641,4,0,0,1001908,1
44010.928632,4,0,0,1001934,1
44011.015445,4,0,0,1001954,1
44020.430931,4,0,0,1002099,1
44030.738764,4,0,0,1002079,1
44044.274216,4,0,0,1002076,1
44057.388893,4,0,0,1001740,1
44063.234650,4,0,0,1001897,1
44064.428075,4,0,0,1001957,1
44078.229354,4,0,0,1002194,1
44079.803124,4,0,0,1002274,1
44089.496439,4,0,0,1002296,1
44095.390120,4,0,0,1002144,1
44100.583969,4,0,0,1002227,1
44108.846368,4,0,0,1002243,1
44111.755252,4,0,0,1001982,1
44119.130146,4,0,0,1002177,1
44127.860365,4,0,0,1002072,1
44130.371958,4,0,0,1002162,1
44135.003192,4,0,0,1002325,1
44136.390509,4,0,0,1002342,1
44143.755793,4,0,0,1002349,1
44145.848746,4,0,0,1002315,1
44149.260501,4,0,0,1002260,1
44151.456993,4,0,0,1002220,1
44172.502560,4,0,0,1002398,1
44172.557156,4,0,0,1002417,1
44174.032446,4,0,0,1002373,1
44180.787786,4,0,0,1002415,1
44186.214814,4,0,0,1002378,1
44191.555704,4,0,0,1002149,1
44193.813349,4,0,0,1002130,1
44195.895791,4,0,0,1002109,1
44196.304636,4,0,0,1002099,1
44200.523313,4,0,0,1002156,1
44201.436024,4,0,0,1002210,1
44202.795743,4,0,0,1002035,1
44203.424972,4,0,0,1002016,1
44204.288079,4,0,0,1002035,1
44207.370172,4,0,0,1002011,1
44207.950532,4,0,0,1001963,1
44214.551288,4,0,0,1001910,1
44217.095872,4,0,0,1001941,1
44226.020923,4,0,0,1001636,1
44233.334521,4,0,0,1001654,1
44244.131694,4,0,0,1001335,1
44250.139303,4,0,0,1001248,1
44255.527555,4,0,0,1001240,1
44259.733909,4,0,0,1001166,1
44259.745486,4,0,0,1001164,1
44260.595084,4,0,0,1001152,1
44263.445707,4,0,0,1001193,1
44263.711196,4,0,0,1001222,1
44270.603580,4,0,0,1001292,1
44271.109941,4,0,0,1001326,1
44272.931475,4,0,0,1001296,1
44273.593325,4,0,0,1001342,1
44280.208335,4,0,0,1001215,1
44280.943315,4,0,0,1001154,1
44289.953352,4,0,0,1001361,1
44290.759008,4,0,0,1001284,1
44294.055917,4,0,0,1001135,1
44295.434995,4,0,0,1001077,1
44302.499532,4,0,0,1001009,1
44305.135763,4,0,0,1000995,1
44307.277096,4,0,0,1000888,1
44314.933629,4,0,0,1000892,1
44328.820334,4,0,0,1000969,1
44329.903898,4,0,0,1000951,1
44331.141856,4,0,0,1000851,1
44331.551521,4,0,0,1000822,1
44335.404104,4,0,0,1000954,1
44349.596415,4,0,0,1000759,1
44352.611679,4,0,0,1000808,1
44354.388465,4,0,0,1000877,1
44355.839653,4,0,0,1000867,1
44356.260352,4,0,0,1000869,1
44364.893710,4,0,0,1000618,1
44368.926610,4,0,0,1000525,1
44377.453643,4,0,0,1000520,1
44379.239935,4,0,0,1000446,1
44389.752614,4,0,0,1000680,1
44390.207886,4,0,0,1000643,1
44391.512995,4,0,0,1000493,1
44397.692379,4,0,0,1000526,1
44399.199104,4,0,0,1000469,1
44399.374314,4,0,0,1000471,1
44415.349349,4,0,0,1000197,1
44429.927561,4,0,0,1000266,1
44437.359473,4,0,0,1000441,1
44439.435091,4,0,0,1000442,1
44440.901424,4,0,0,1000422,1
44445.650568,4,0,0,1000640,1
44448.083112,4,0,0,1000574,1
44448.544705,4,0,0,1000541,1
44449.487351,4,0,0,1000514,1
44455.386222,4,0,0,1000517,1
44456.990564,4,0,0,1000614,1
44461.321531,4,0,0,1000728,1
44463.960547,4,0,0,1000668,1
44467.185119,4,0,0,1000787,1
44471.888424,4,0,0,1000706,1
44474.043146,4,0,0,1000774,1
44478.860672,4,0,0,1000763,1
44486.548096,4,0,0,1000706,1
44488.638115,4,0,0,1000660,1
44488.841468,4,0,0,1000632,1
44491.984940,4,0,0,1000574,1
44492.252747,4,0,0,1000551,1
44495.312747,4,0,0,1000548,1
44502.125029,4,0,0,1000477,1
44503.478279,4,0,0,1000513,1
44506.302896,4,0,0,1000452,1
44508.326849,4,0,0,1000495,1
44508.861930,4,0,0,1000494,1
44509.545094,4,0,0,1000527,1
44521.764641,4,0,0,1000703,1
44524.521774,4,0,0,1000622,1
44524.701592,4,0,0,1000609,1
44528.398679,4,0,0,1000550,1
44531.855169,4,0,0,1000429,1
44535.050131,4,0,0,1000488,1
44535.594267,4,0,0,1000508,1
44561.911029,4,0,0,1000692,1
44567.774376,4,0,0,1000697,1
44568.721957,4,0,0,1000617,1
44573.550702,4,0,0,1000797,1
44575.037770,4,0,0,1000704,1
44577.432359,4,0,0,1000750,1
44578.938218,4,0,0,1000730,1
44579.872889,4,0,0,1000786,1
44583.134333,4,0,0,1000902,1
44586.139680,4,0,0,1000710,1
44599.877150,4,0,0,1000752,1
44605.567623,4,0,0,1001025,1
44612.402776,4,0,0,1001188,1
44613.460302,4,0,0,1001123,1
44615.782692,4,0,0,1001076,1
44624.719613,4,0,0,1001062,1
44626.815255,4,0,0,1001007,1
44631.201029,4,0,0,1000953,1
44633.130718,4,0,0,1000917,1
44637.180922,4,0,0,1001043,1
44638.658886,4,0,0,1001053,1
44645.732381,4,0,0,1001000,1
44645.930325,4,0,0,1001021,1
44646.707304,4,0,0,1000960,1
44651.824913,4,0,0,1001042,1
44654.965753,4,0,0,1001063,1
44656.107864,4,0,0,1001127,1
44657.232064,4,0,0,1001106,1
44661.571887,4,0,0,1001257,1
44667.528996,4,0,0,1001319,1
44680.192163,4,0,0,1001158,1
44682.589027,4,0,0,1001020,1
44685.256180,4,0,0,1000995,1
44685.498425,4,0,0,1000991,1
44691.670727,4,0,0,1001248,1
44708.737691,4,0,0,1001205,1
44714.356899,4,0,0,1001377,1
44714.815848,4,0,0,1001385,1
44715.453842,4,0,0,1001375,1
44726.675208,4,0,0,1001298,1
44735.589950,4,0,0,1001243,1
44735.747308,4,0,0,1001258,1
44737.362609,4,0,0,1001336,1
44737.510962,4,0,0,1001349,1
44740.013416,4,0,0,1001266,1
44740.015760,4,0,0,1001266,1
44744.984653,4,0,0,1001157,1
44747.272717,4,0,0,1001109,1
44749.045661,4,0,0,1001003,1
44752.787362,4,0,0,1001132,1
44757.859094,4,0,0,1001104,1
44758.645634,4,0,0,1001080,1
44764.247268,4,0,0,1001205,1
44774.341780,4,0,0,1001097,1
44777.420835,4,0,0,1000969,1
44779.151223,4,0,0,1000999,1
44780.267568,4,0,0,1000943,1
44781.061221,4,0,0,1000928,1
44782.335420,4,0,0,1000958,1
44783.166317,4,0,0,1000993,1
44788.995756,4,0,0,1001068,1
44803.138940,4,0,0,1000608,1
44808.978928,4,0,0,1000615,1
44816.463626,4,0,0,1000652,1
44827.222377,4,0,0,1000402,1
44827.384462,4,0,0,1000424,1
44834.097953,4,0,0,1000422,1
44834.641134,4,0,0,1000464,1
44850.606718,4,0,0,1000534,1
44852.831465,4,0,0,1000631,1
44854.991312,4,0,0,1000613,1
44858.443725,4,0,0,1000456,1
44860.072840,4,0,0,1000478,1
44867.574653,4,0,0,1000500,1
44876.248168,4,0,0,1000528,1
44879.085131,4,0,0,1000679,1
44886.234883,4,0,0,1000579,1
44890.089120,4,0,0,1000472,1
44899.926960,4,0,0,1000540,1
44901.356563,4,0,0,1000585,1
44908.499386,4,0,0,1000548,1
44908.927181,4,0,0,1000557,1
44911.770517,4,0,0,1000610,1
44914.220425,4,0,0,1000638,1
44917.067610,4,0,0,1000676,1
44917.753975,4,0,0,1000664,1
44918.285245,4,0,0,1000631,1
44923.020377,4,0,0,1000500,1
44932.479133,4,0,0,1000515,1
44941.939265,4,0,0,1000660,1
44942.583538,4,0,0,1000701,1
44943.042250,4,0,0,1000658,1
44943.910438,4,0,0,1000617,1
44947.237021,4,0,0,1000561,1
44951.218129,4,0,0,1000581,1
44952.015009,4,0,0,1000501,1
44956.794856,4,0,0,1000496,1
44958.738199,4,0,0,1000451,1
44966.126123,4,0,0,1000447,1
44969.712658,4,0,0,1000481,1
44973.260992,4,0,0,1000501,1
44976.035620,4,0,0,1000574,1
44977.983890,4,0,0,1000554,1
44980.063535,4,0,0,1000479,1
44981.525416,4,0,0,1000520,1
44985.852998,4,0,0,1000455,1
44986.852167,4,0,0,1000473,1
44987.097109,4,0,0,1000486,1
44995.501398,4,0,0,1000585,1
44999.145451,4,0,0,1000544,1
45007.406655,4,0,0,1000826,1
45011.740029,4,0,0,1000894,1
45018.695949,4,0,0,1000809,1
45023.864397,4,0,0,1000832,1
45028.433245,4,0,0,1000881,1
45033.935539,4,0,0,1000927,1
45036.502630,4,0,0,1000913,1
45037.876743,4,0,0,1000895,1
45039.387200,4,0,0,1000949,1
45040.830099,4,0,0,1000976,1
45047.323220,4,0,0,1001303,1
45064.295703,4,0,0,1001241,1
45064.723140,4,0,0,1001255,1
45070.499525,4,0,0,1001372,1
45071.855284,4,0,0,1001424,1
45071.878439,4,0,0,1001439,1
45076.965011,4,0,0,1001408,1
45077.396638,4,0,0,1001422,1
45079.181907,4,0,0,1001363,1
45080.417215,4,0,0,1001318,1
45081.988745,4,0,0,1001264,1
45083.228080,4,0,0,1001296,1
45094.637474,4,0,0,1001295,1
45099.538850,4,0,0,1001335,1
45102.462303,4,0,0,1001316,1
45103.729750,4,0,0,1001275,1
45108.598624,4,0,0,1001290,1
45109.129313,4,0,0,1001277,1
45114.540201,4,0,0,1001422,1
45118.810451,4,0,0,1001320,1
45118.823848,4,0,0,1001321,1
45124.275150,4,0,0,1001372,1
45127.137618,4,0,0,1001382,1
45128.023524,4,0,0,1001286,1
45128.429316,4,0,0,1001308,1
45132.475403,4,0,0,1001382,1
45140.431858,4,0,0,1001353,1
45142.342527,4,0,0,1001308,1
45147.107455,4,0,0,1001310,1
45148.790039,4,0,0,1001323,1
45166.427997,4,0,0,1001692,1
45173.591525,4,0,0,1001608,1
45180.232205,4,0,0,1001478,1
45181.938474,4,0,0,1001576,1
45184.497194,4,0,0,1001720,1
45190.169046,4,0,0,1001810,1
45201.361449,4,0,0,1001910,1
45201.413529,4,0,0,1001913,1
45206.216592,4,0,0,1002077,1
45213.693586,4,0,0,1001933,1
45214.171121,4,0,0,1001925,1
45225.313319,4,0,0,1002128,1
45229.067524,4,0,0,1002128,1
45231.669134,4,0,0,1002032,1
45238.532424,4,0,0,1001881,1
45240.941465,4,0,0,1001917,1
45248.488713,4,0,0,1002159,1
45257.522094,4,0,0,1002510,1
45274.125836,4,0,0,1002610,1
45276.202067,4,0,0,1002623,1
45276.680707,4,0,0,1002701,1
45283.660349,4,0,0,1002731,1
45283.751462,4,0,0,1002728,1
45290.613638,4,0,0,1002590,1
45299.277222,4,0,0,1002552,1
45311.384354,4,0,0,1002770,1
45311.527558,4,0,0,1002778,1
45322.002458,4,0,0,1003036,1
45343.276454,4,0,0,1002762,1
45343.907268,4,0,0,1002798,1
45347.069611,4,0,0,1002947,1
45349.263474,4,0,0,1002923,1
45358.780697,4,0,0,1002917,1
45359.194127,4,0,0,1002954,1
45362.223192,4,0,0,1002954,1
45362.361842,4,0,0,1002954,1
45375.137014,4,0,0,1002937,1
45377.939987,4,0,0,1002863,1
45383.983046,4,0,0,1002689,1
45384.123111,4,0,0,1002665,1
45385.191660,4,0,0,1002653,1
45389.925448,4,0,0,1002542,1
45391.427063,4,0,0,1002528,1
45402.727565,4,0,0,1002605,1
45416.522414,4,0,0,1002630,1
45417.378330,4,0,0,1002642,1
45434.135492,4,0,0,1002327,1
45446.189101,4,0,0,1002495,1
45449.188535,4,0,0,1002524,1
45451.065309,4,0,0,1002625,1
45455.200077,4,0,0,1002770,1
45459.853664,4,0,0,1002762,1
45459.901030,4,0,0,1002767,1
45464.643451,4,0,0,1002878,1
45467.803502,4,0,0,1002864,1
45475.885569,4,0,0,1002849,1
45483.912343,4,0,0,1002779,1
45489.781514,4,0,0,1002636,1
45495.046622,4,0,0,1002612,1
45506.645801,4,0,0,1002585,1
45510.076101,4,0,0,1002477,1
45514.800411,4,0,0,1002654,1
45526.146596,4,0,0,1002632,1
45538.988666,4,0,0,1002805,1
45542.247792,4,0,0,1002989,1
45542.964038,4,0,0,1002984,1
45547.881368,4,0,0,1002976,1
45551.080884,4,0,0,1002984,1
45551.991859,4,0,0,1003005,1
45553.222885,4,0,0,1002945,1
45553.530513,4,0,0,1002954,1
45561.266696,4,0,0,1003038,1
45564.399796,4,0,0,1003013,1
45564.680406,4,0,0,1003008,1
45566.177017,4,0,0,1002962,1
45580.039941,4,0,0,1003307,1
45580.291810,4,0,0,1003283,1
45586.026284,4,0,0,1003146,1
45586.369847,4,0,0,1003106,1
45595.091816,4,0,0,1002835,1
45599.702573,4,0,0,1002812,1
45607.608034,4,0,0,1002953,1
45608.601942,4,0,0,1002894,1
45610.509748,4,0,0,1002937,1
45614.762868,4,0,0,1002680,1
45615.382839,4,0,0,1002661,1
45619.904652,4,0,0,1002471,1
45621.564849,4,0,0,1002524,1
45622.058465,4,0,0,1002537,1
45622.713710,4,0,0,1002578,1
45624.847542,4,0,0,1002463,1
45638.952051,4,0,0,1002428,1
45643.653987,4,0,0,1002612,1
45644.463719,4,0,0,1002586,1
45646.938061,4,0,0,1002569,1
45669.592078,4,0,0,1002238,1
45678.434045,4,0,0,1002297,1
45684.808961,4,0,0,1002192,1
45687.491154,4,0,0,1002116,1
45688.564254,4,0,0,1002188,1
45696.436466,4,0,0,1002086,1
45700.440299,4,0,0,1002067,1
45701.169448,4,0,0,1002057,1
45706.229961,4,0,0,1001952,1
45709.666704,4,0,0,1001760,1
45710.633628,4,0,0,1001720,1
45721.811662,4,0,0,1001685,1
45725.759482,4,0,0,1001685,1
45727.153791,4,0,0,1001757,1
45733.189171,4,0,0,1001626,1
45738.978977,4,0,0,1001873,1
45743.153359,4,0,0,1001985,1
45744.377010,4,0,0,1001963,1
45761.040427,4,0,0,1002511,1
45765.749973,4,0,0,1002466,1
45772.215635,4,0,0,1002391,1
45793.069076,4,0,0,1002394,1
45793.748182,4,0,0,1002398,1
45799.606518,4,0,0,1002172,1
45800.433947,4,0,0,1002218,1
45805.930949,4,0,0,1002215,1
45808.408781,4,0,0,1002062,1
45809.876740,4,0,0,1002023,1
45816.571353,4,0,0,1001998,1
45820.173649,4,0,0,1001996,1
45820.907061,4,0,0,1001930,1
45821.344553,4,0,0,1001882,1
45828.394162,4,0,0,1002073,1
45830.990492,4,0,0,1001962,1
45832.539558,4,0,0,1001945,1
45833.653521,4,0,0,1001946,1
45836.744692,4,0,0,1001785,1
45837.909577,4,0,0,1001825,1
45850.557696,4,0,0,1001661,1
45853.385675,4,0,0,1001642,1
45857.268225,4,0,0,1001491,1
45857.275478,4,0,0,1001491,1
45861.569748,4,0,0,1001336,1
45861.744448,4,0,0,1001377,1
45864.390146,4,0,0,1001334,1
45865.398040,4,0,0,1001402,1
45867.779239,4,0,0,1001295,1
45872.878915,4,0,0,1001143,1
45885.363917,4,0,0,1001117,1
45888.377158,4,0,0,1001178,1
45888.398870,4,0,0,1001179,1
45895.780150,4,0,0,1001162,1
45897.446404,4,0,0,1001198,1
45908.544437,4,0,0,1000911,1
45910.462181,4,0,0,1000975,1
45928.347215,4,0,0,1001295,1
45929.615842,4,0,0,1001330,1
45931.894040,4,0,0,1001189,1
45934.034480,4,0,0,1001087,1
45938.369072,4,0,0,1000959,1
45953.603382,4,0,0,1000721,1
45954.225284,4,0,0,1000723,1
45955.321932,4,0,0,1000778,1
45957.737558,4,0,0,1000848,1
45959.190750,4,0,0,1000841,1
45961.512503,4,0,0,1001024,1
45973.461145,4,0,0,1000934,1
45975.532576,4,0,0,1001043,1
45977.895444,4,0,0,1001038,1
45978.316845,4,0,0,1001034,1
45978.497483,4,0,0,1001030,1
45981.787606,4,0,0,1000998,1
45984.140521,4,0,0,1000897,1
45989.364172,4,0,0,1000797,1
45996.746019,4,0,0,1000944,1
45998.102254,4,0,0,1000946,1
46000.254363,4,0,0,1001013,1
46039.063735,4,0,0,1001192,1
46039.185624,4,0,0,1001206,1
46043.886734,4,0,0,1001324,1
46046.352578,4,0,0,1001255,1
46050.127232,4,0,0,1001360,1
46050.755335,4,0,0,1001333,1
46063.206662,4,0,0,1001594,1
46071.893193,4,0,0,1001671,1
46075.874635,4,0,0,1001727,1
46079.616812,4,0,0,1001658,1
46082.737247,4,0,0,1001777,1
46095.490485,4,0,0,1001704,1
46096.300119,4,0,0,1001679,1
46096.639696,4,0,0,1001687,1
46106.595512,4,0,0,1001632,1
46115.707583,4,0,0,1001462,1
46123.742022,4,0,0,1001564,1
46127.800698,4,0,0,1001721,1
46143.603959,4,0,0,1001829,1
46146.468056,4,0,0,1001756,1
46150.684907,4,0,0,1001879,1
46160.882318,4,0,0,1001651,1
46161.147243,4,0,0,1001633,1
46175.723915,4,0,0,1001675,1
46176.834124,4,0,0,1001684,1
46182.482269,4,0,0,1001702,1
46183.416820,4,0,0,1001703,1
46184.483860,4,0,0,1001687,1
46189.700590,4,0,0,1001593,1
46191.455943,4,0,0,1001658,1
46196.768301,4,0,0,1001632,1
46204.229670,4,0,0,1001518,1
46221.987710,4,0,0,1001477,1
46223.326997,4,0,0,1001441,1
46224.209482,4,0,0,1001439,1
46224.371921,4,0,0,1001452,1
46229.526195,4,0,0,1001610,1
46240.996099,4,0,0,1001729,1
46246.349460,4,0,0,1001654,1
46247.531307,4,0,0,1001646,1
46253.227792,4,0,0,1001677,1
46259.968025,4,0,0,1001866,1
46262.302310,4,0,0,1001927,1
46262.430792,4,0,0,1001914,1
46264.140971,4,0,0,1001885,1
46271.857066,4,0,0,1001895,1
46278.783871,4,0,0,1002126,1
46281.952248,4,0,0,1002110,1
46285.216025,4,0,0,1002025,1
46289.929295,4,0,0,1001830,1
46293.443706,4,0,0,1001886,1
46296.988347,4,0,0,1001761,1
46298.920786,4,0,0,1001679,1
46306.783615,4,0,0,1001727,1
46307.027519,4,0,0,1001718,1
46308.999996,4,0,0,1001725,1
46312.398324,4,0,0,1001861,1
46316.256391,4,0,0,1001905,1
46324.767670,4,0,0,1001875,1
46330.894284,4,0,0,1001962,1
46331.784500,4,0,0,1001956,1
46332.167046,4,0,0,1001986,1
46332.307383,4,0,0,1001965,1
46342.352648,4,0,0,1001924,1
46344.751431,4,0,0,1001905,1
46347.711801,4,0,0,1001699,1
46353.858399,4,0,0,1001769,1
46359.530788,4,0,0,1001626,1
46363.527558,4,0,0,1001676,1
46366.887686,4,0,0,1001633,1
46367.810756,4,0,0,1001604,1
46368.002873,4,0,0,1001632,1
46369.033890,4,0,0,1001574,1
46402.368739,4,0,0,1002181,1
46404.072097,4,0,0,1002221,1
46409.656043,4,0,0,1002085,1
46410.931308,4,0,0,1002058,1
46415.306999,4,0,0,1001960,1
46416.156816,4,0,0,1001957,1
46422.134131,4,0,0,1001996,1
46422.600133,4,0,0,1001964,1
46424.772911,4,0,0,1001900,1
46427.815048,4,0,0,1001864,1
46432.089399,4,0,0,1001825,1
46434.250556,4,0,0,1001857,1
46436.686386,4,0,0,1001878,1
46444.758360,4,0,0,1001786,1
46445.564940,4,0,0,1001764,1
46449.574974,4,0,0,1001863,1
46451.579196,4,0,0,1001814,1
46454.039327,4,0,0,1001768,1
46460.296181,4,0,0,1001860,1
46463.102790,4,0,0,1001959,1
46468.141856,4,0,0,1001915,1
46469.619113,4,0,0,1001984,1
46478.298029,4,0,0,1001906,1
46485.588823,4,0,0,1001877,1
46488.090860,4,0,0,1001795,1
46490.291453,4,0,0,1001711,1
46492.396402,4,0,0,1001646,1
46496.510039,4,0,0,1001794,1
46496.899338,4,0,0,1001777,1
46498.498903,4,0,0,1001806,1
46510.294722,4,0,0,1001823,1
46512.795717,4,0,0,1001956,1
46520.769660,4,0,0,1002042,1
46522.562200,4,0,0,1002145,1
46524.433849,4,0,0,1002100,1
46528.594971,4,0,0,1002128,1
46528.729174,4,0,0,1002129,1
46532.072623,4,0,0,1002071,1
46532.472998,4,0,0,1002079,1
46535.656018,4,0,0,1002192,1
46543.943822,4,0,0,1002054,1
46546.894614,4,0,0,1002135,1
46547.718464,4,0,0,1002178,1
46551.215710,4,0,0,1002195,1
46565.493092,4,0,0,1002065,1
46569.523819,4,0,0,1001972,1
46585.298209,4,0,0,1002060,1
46591.885282,4,0,0,1001741,1
46594.511458,4,0,0,1001808,1
46596.044258,4,0,0,1001813,1
46604.546509,4,0,0,1001918,1
46605.991186,4,0,0,1002016,1
46607.371234,4,0,0,1002020,1
46622.608751,4,0,0,1002284,1
46623.955077,4,0,0,1002329,1
46624.433379,4,0,0,1002370,1
46624.901748,4,0,0,1002407,1
46625.549619,4,0,0,1002318,1
46634.714218,4,0,0,1002478,1
46641.327987,4,0,0,1002272,1
46646.539096,4,0,0,1002121,1
46649.567713,4,0,0,1002196,1
46657.918443,4,0,0,1002108,1
46663.524082,4,0,0,1001950,1
46686.317598,4,0,0,1001874,1
46688.471350,4,0,0,1001830,1
46688.980931,4,0,0,1001873,1
46690.238468,4,0,0,1001853,1
46692.717271,4,0,0,1001733,1
46695.578092,4,0,0,1001752,1
46705.579374,4,0,0,1001589,1
46714.404708,4,0,0,1001590,1
46717.565386,4,0,0,1001565,1
46726.375009,4,0,0,1001592,1
46728.835309,4,0,0,1001603,1
46729.565815,4,0,0,1001586,1
46733.556463,4,0,0,1001612,1
46745.748689,4,0,0,1001817,1
46747.728388,4,0,0,1001803,1
46752.345387,4,0,0,1001597,1
46752.391647,4,0,0,1001616,1
46755.299908,4,0,0,1001588,1
46765.872031,4,0,0,1001485,1
46766.319725,4,0,0,1001497,1
46767.125827,4,0,0,1001572,1
46767.803246,4,0,0,1001564,1
46772.168950,4,0,0,1001436,1
46779.164397,4,0,0,1001675,1
46779.230256,4,0,0,1001660,1
46781.004948,4,0,0,1001548,1
46787.762539,4,0,0,1001471,1
46792.577168,4,0,0,1001431,1
46794.076756,4,0,0,1001601,1
46798.422008,4,0,0,1001590,1
46802.954234,4,0,0,1001581,1
46809.489353,4,0,0,1001719,1
46824.683712,4,0,0,1001561,1
46826.946824,4,0,0,1001611,1
46831.237874,4,0,0,1001676,1
46836.794107,4,0,0,1001785,1
46851.374275,4,0,0,1001695,1
46854.218128,4,0,0,1001608,1
46860.214652,4,0,0,1001592,1
46877.138811,4,0,0,1001400,1
46883.184542,4,0,0,1001482,1
46884.018746,4,0,0,1001491,1
46902.541018,4,0,0,1001172,1
46905.728229,4,0,0,1001266,1
46908.335152,4,0,0,1001412,1
46910.794735,4,0,0,1001558,1
46933.094102,4,0,0,1001352,1
46940.849456,4,0,0,1001169,1
46944.100894,4,0,0,1001127,1
46948.189472,4,0,0,1000932,1
46962.588053,4,0,0,1000655,1
46965.036860,4,0,0,1000645,1
46976.077119,4,0,0,1001005,1
46977.396978,4,0,0,1001011,1
46980.718208,4,0,0,1000903,1
46982.222290,4,0,0,1000895,1
46983.792528,4,0,0,1000747,1
46987.100112,4,0,0,1000520,1
46991.731517,4,0,0,1000440,1
46993.427162,4,0,0,1000355,1
46994.566444,4,0,0,1000444,1
47006.803239,4,0,0,1000641,1
47008.236503,4,0,0,1000622,1
47009.484346,4,0,0,1000637,1
47010.524180,4,0,0,1000588,1
47019.560612,4,0,0,1000319,1
47022.633811,4,0,0,1000304,1
47024.755225,4,0,0,1000324,1
47025.528511,4,0,0,1000364,1
47026.516566,4,0,0,1000314,1
47030.994268,4,0,0,1000370,1
47039.217565,4,0,0,1000494,1
47043.318028,4,0,0,1000576,1
47046.416656,4,0,0,1000591,1
47047.617291,4,0,0,1000586,1
47050.820796,4,0,0,1000676,1
47051.976281,4,0,0,1000698,1
47054.249971,4,0,0,1000638,1
47057.283710,4,0,0,1000757,1
47057.748437,4,0,0,1000748,1
47063.577271,4,0,0,1000846,1
47065.284681,4,0,0,1000816,1
47073.160240,4,0,0,1000772,1
47073.229924,4,0,0,1000772,1
47073.625187,4,0,0,1000763,1
47079.392363,4,0,0,1000711,1
47081.769017,4,0,0,1000693,1
47081.937995,4,0,0,1000712,1
47082.310767,4,0,0,1000680,1
47085.362374,4,0,0,1000689,1
47085.893579,4,0,0,1000685,1
47086.151846,4,0,0,1000668,1
47087.966118,4,0,0,1000735,1
47092.055130,4,0,0,1000796,1
47093.700094,4,0,0,1000826,1
47093.780098,4,0,0,1000844,1
47106.014702,4,0,0,1000805,1
47112.329140,4,0,0,1000966,1
47112.848392,4,0,0,1000984,1
47113.838923,4,0,0,1000932,1
47123.787772,4,0,0,1000853,1
47128.265122,4,0,0,1000794,1
47134.630968,4,0,0,1000840,1
47135.767146,4,0,0,1000804,1
47138.489249,4,0,0,1000880,1
47140.684733,4,0,0,1000772,1
47145.416073,4,0,0,1000838,1
47146.723499,4,0,0,1000802,1
47148.099621,4,0,0,1000811,1
47148.176831,4,0,0,1000825,1
47151.855033,4,0,0,1000672,1
47154.290015,4,0,0,1000726,1
47154.527014,4,0,0,1000711,1
47157.673309,4,0,0,1000580,1
47160.354171,4,0,0,1000441,1
47161.527394,4,0,0,1000333,1
47164.597716,4,0,0,1000456,1
47168.163090,4,0,0,1000521,1
47168.271465,4,0,0,1000531,1
47174.439131,4,0,0,1000570,1
47180.660785,4,0,0,1000500,1
47181.348690,4,0,0,1000509,1
47198.106925,4,0,0,1000481,1
47203.484959,4,0,0,1000248,1
47211.449017,4,0,0,1000231,1
47221.162194,4,0,0,1000305,1
47223.453412,4,0,0,1000237,1
47223.727205,4,0,0,1000192,1
47241.709207,4,0,0,1000217,1
47242.408018,4,0,0,1000155,1
47247.654348,4,0,0,1000098,1
47249.163516,4,0,0,1000154,1
47250.516365,4,0,0,1000039,1
47251.692272,4,0,0,999986,1
47251.897334,4,0,0,999962,1
47269.227822,4,0,0,1000224,1
47277.353961,4,0,0,1000233,1
47287.934317,4,0,0,999916,1
47289.556289,4,0,0,999830,1
47299.581370,4,0,0,999829,1
47301.119894,4,0,0,999775,1
47308.785399,4,0,0,999665,1
47310.589359,4,0,0,999709,1
47311.402970,4,0,0,999704,1
47311.439504,4,0,0,999698,1
47316.288879,4,0,0,999660,1
47317.238243,4,0,0,999675,1
47318.355304,4,0,0,999645,1
47325.221183,4,0,0,999487,1
47336.947030,4,0,0,999793,1
47349.901120,4,0,0,999731,1
47351.895850,4,0,0,999747,1
47362.036410,4,0,0,999945,1
47367.325888,4,0,0,1000011,1
47367.923464,4,0,0,999967,1
47369.186172,4,0,0,999986,1
47375.479414,4,0,0,999894,1
47378.675485,4,0,0,999962,1
47382.390158,4,0,0,999943,1
47389.795729,4,0,0,999923,1
47396.024198,4,0,0,999887,1
47397.113059,4,0,0,999906,1
47401.577722,4,0,0,999879,1
47405.762664,4,0,0,999758,1
47407.260453,4,0,0,999661,1
47422.226752,4,0,0,999472,1
47422.508282,4,0,0,999428,1
47429.782019,4,0,0,999236,1
47438.327545,4,0,0,999468,1
47449.340452,4,0,0,999608,1
47450.546010,4,0,0,999587,1
47455.592664,4,0,0,999566,1
47457.515375,4,0,0,999595,1
47458.609746,4,0,0,999499,1
47460.791382,4,0,0,999575,1
47468.872162,4,0,0,999447,1
47470.256223,4,0,0,999461,1
47474.462450,4,0,0,999443,1
47480.326222,4,0,0,999245,1
47489.360150,4,0,0,998996,1
47491.463863,4,0,0,998977,1
47491.964425,4,0,0,999037,1
47497.070146,4,0,0,999165,1
47497.382031,4,0,0,999140,1
47498.163992,4,0,0,999113,1
47499.990879,4,0,0,999105,1
47500.325696,4,0,0,999073,1
47511.489720,4,0,0,999149,1
47519.144850,4,0,0,999412,1
47519.361812,4,0,0,999417,1
47519.896449,4,0,0,999490,1
47521.817860,4,0,0,999446,1
47522.429706,4,0,0,999436,1
47529.429852,4,0,0,999484,1
47530.836645,4,0,0,999496,1
47532.229457,4,0,0,999519,1
47534.566526,4,0,0,999434,1
47534.830807,4,0,0,999419,1
47535.696677,4,0,0,999428,1
47552.463051,4,0,0,999463,1
47553.371564,4,0,0,999457,1
47566.600625,4,0,0,999371,1
47567.349643,4,0,0,999356,1
47570.059301,4,0,0,999377,1
47572.300473,4,0,0,999491,1
47572.564950,4,0,0,999501,1
47579.639112,4,0,0,999272,1
47584.751008,4,0,0,999358,1
47593.569862,4,0,0,999519,1
47597.118726,4,0,0,999570,1
47601.210827,4,0,0,999473,1
47607.622286,4,0,0,999485,1
47608.126508,4,0,0,999477,1
47608.240288,4,0,0,999474,1
47610.908705,4,0,0,999589,1
47615.171545,4,0,0,999517,1
47615.322992,4,0,0,999534,1
47622.215441,4,0,0,999595,1
47622.961808,4,0,0,999576,1
47631.384307,4,0,0,999387,1
47631.578706,4,0,0,999399,1
47645.413892,4,0,0,999517,1
47646.208635,4,0,0,999567,1
47648.123032,4,0,0,999487,1
47652.299432,4,0,0,999437,1
47652.868919,4,0,0,999453,1
47666.541227,4,0,0,999531,1
47675.047309,4,0,0,999668,1
47677.974678,4,0,0,999813,1
47678.375481,4,0,0,999801,1
47682.825254,4,0,0,999784,1
47685.738871,4,0,0,999654,1
47686.364758,4,0,0,999651,1
47690.235215,4,0,0,999700,1
47693.187360,4,0,0,999841,1
47696.257878,4,0,0,999708,1
47701.921191,4,0,0,999589,1
47703.126321,4,0,0,999632,1
47704.423004,4,0,0,999696,1
47705.475455,4,0,0,999729,1
47707.518317,4,0,0,999783,1
47716.926302,4,0,0,999729,1
47717.065097,4,0,0,999702,1
47721.704470,4,0,0,999566,1
47724.400523,4,0,0,999550,1
47740.119657,4,0,0,999716,1
47741.671737,4,0,0,999658,1
47742.691313,4,0,0,999720,1
47748.282897,4,0,0,999482,1
47756.053175,4,0,0,999555,1
47762.221909,4,0,0,999365,1
47766.339193,4,0,0,999349,1
47774.124886,4,0,0,999414,1
47775.603664,4,0,0,999445,1
47779.184968,4,0,0,999527,1
47780.822333,4,0,0,999563,1
47783.500224,4,0,0,999669,1
47783.706025,4,0,0,999681,1
47789.415579,4,0,0,999501,1
47792.170237,4,0,0,999625,1
47794.545239,4,0,0,999534,1
47816.664828,4,0,0,999560,1
47826.624600,4,0,0,999919,1
47830.008515,4,0,0,999877,1
47835.461786,4,0,0,999890,1
47835.836259,4,0,0,999930,1
47836.331943,4,0,0,999882,1
47838.450831,4,0,0,999901,1
47851.172912,4,0,0,1000125,1
47853.324293,4,0,0,1000161,1
47856.851876,4,0,0,1000287,1
47863.871541,4,0,0,1000405,1
47871.493547,4,0,0,1000257,1
47871.936943,4,0,0,1000293,1
47873.714077,4,0,0,1000277,1
47873.790448,4,0,0,1000296,1
47879.074270,4,0,0,1000368,1
47880.964382,4,0,0,1000447,1
47890.613612,4,0,0,1000700,1
47892.243251,4,0,0,1000593,1
47895.973818,4,0,0,1000633,1
47896.606677,4,0,0,1000623,1
47900.910014,4,0,0,1000712,1
47917.284806,4,0,0,1000857,1
47928.889592,4,0,0,1000997,1
47951.297313,4,0,0,1001555,1
47957.406868,4,0,0,1001505,1
47972.375460,4,0,0,1001117,1
47974.029742,4,0,0,1001190,1
47980.727006,4,0,0,1001312,1
48001.309425,4,0,0,1001582,1
48002.039460,4,0,0,1001539,1
48004.084214,4,0,0,1001624,1
48009.163468,4,0,0,1001782,1
48013.611568,4,0,0,1001691,1
48018.564276,4,0,0,1001642,1
48038.867648,4,0,0,1001512,1
48041.046397,4,0,0,1001504,1
48042.495654,4,0,0,1001540,1
48046.930037,4,0,0,1001574,1
48048.167326,4,0,0,1001594,1
48056.385969,4,0,0,1001647,1
48060.585512,4,0,0,1001724,1
48060.786336,4,0,0,1001704,1
48063.767874,4,0,0,1001587,1
48069.999154,4,0,0,1001388,1
48072.344120,4,0,0,1001321,1
48074.296745,4,0,0,1001393,1
48075.102315,4,0,0,1001418,1
48081.435943,4,0,0,1001275,1
48087.517094,4,0,0,1001252,1
48090.384194,4,0,0,1001246,1
48090.846234,4,0,0,1001181,1
48092.142706,4,0,0,1001262,1
48094.270873,4,0,0,1001314,1
48096.463530,4,0,0,1001342,1
48100.243491,4,0,0,1001317,1
48100.946013,4,0,0,1001335,1
48103.400740,4,0,0,1001199,1
48109.216657,4,0,0,1001281,1
48124.999121,4,0,0,1001068,1
48129.025597,4,0,0,1001290,1
48131.676438,4,0,0,1001411,1
48132.864581,4,0,0,1001436,1
48136.370919,4,0,0,1001399,1
48136.969511,4,0,0,1001377,1
48138.425874,4,0,0,1001212,1
48139.742526,4,0,0,1001177,1
48142.936882,4,0,0,1001169,1
48144.884512,4,0,0,1001108,1
48159.102242,4,0,0,1001020,1
48163.169953,4,0,0,1001111,1
48170.179429,4,0,0,1001389,1
48173.118672,4,0,0,1001563,1
48175.611185,4,0,0,1001452,1
48177.167227,4,0,0,1001454,1
48181.486727,4,0,0,1001488,1
48182.877176,4,0,0,1001493,1
48193.132426,4,0,0,1001485,1
48193.159060,4,0,0,1001471,1
48196.900018,4,0,0,1001326,1
48204.621462,4,0,0,1001479,1
48210.149871,4,0,0,1001516,1
48216.066714,4,0,0,1001324,1
48218.154485,4,0,0,1001308,1
48219.401271,4,0,0,1001383,1
48234.260560,4,0,0,1001454,1
48244.222362,4,0,0,1001477,1
48244.848796,4,0,0,1001448,1
48246.392056,4,0,0,1001525,1
48246.420904,4,0,0,1001526,1
48248.452310,4,0,0,1001416,1
48250.769978,4,0,0,1001296,1
48252.962051,4,0,0,1001246,1
48256.822120,4,0,0,1001247,1
48260.834732,4,0,0,1001202,1
48266.306441,4,0,0,1001479,1
48266.487857,4,0,0,1001507,1
48269.570102,4,0,0,1001440,1
48272.515008,4,0,0,1001382,1
48275.076185,4,0,0,1001302,1
48276.505358,4,0,0,1001415,1
48282.203193,4,0,0,1001356,1
48297.744319,4,0,0,1001497,1
48306.918622,4,0,0,1001657,1
48310.565775,4,0,0,1001604,1
48312.799142,4,0,0,1001550,1
48313.589530,4,0,0,1001584,1
48316.260719,4,0,0,1001492,1
48317.685794,4,0,0,1001606,1
48321.934811,4,0,0,1001460,1
48323.854629,4,0,0,1001490,1
48324.573264,4,0,0,1001436,1
48332.801527,4,0,0,1001507,1
48336.554619,4,0,0,1001601,1
48336.850712,4,0,0,1001651,1
48337.592959,4,0,0,1001646,1
48340.354899,4,0,0,1001627,1
48340.449582,4,0,0,1001624,1
48341.456537,4,0,0,1001645,1
48347.308907,4,0,0,1001571,1
48348.238820,4,0,0,1001578,1
48355.109043,4,0,0,1001710,1
48355.371880,4,0,0,1001697,1
48357.090829,4,0,0,1001722,1
48359.719256,4,0,0,1001923,1
48366.017895,4,0,0,1001905,1
48369.952548,4,0,0,1001738,1
48370.689148,4,0,0,1001644,1
48374.815798,4,0,0,1001651,1
48375.087899,4,0,0,1001623,1
48375.272629,4,0,0,1001619,1
48382.624058,4,0,0,1001559,1
48383.624384,4,0,0,1001572,1
48388.871856,4,0,0,1001539,1
48400.708783,4,0,0,1001613,1
48415.222751,4,0,0,1001437,1
48419.684328,4,0,0,1001427,1
48420.456156,4,0,0,1001348,1
48425.304565,4,0,0,1001539,1
48428.607978,4,0,0,1001525,1
48430.747825,4,0,0,1001529,1
48438.443374,4,0,0,1001600,1
48442.637720,4,0,0,1001714,1
48444.063138,4,0,0,1001660,1
48445.033376,4,0,0,1001625,1
48452.587995,4,0,0,1001501,1
48453.051983,4,0,0,1001478,1
48455.178679,4,0,0,1001586,1
48456.990669,4,0,0,1001626,1
48461.117400,4,0,0,1001639,1
48464.709295,4,0,0,1001653,1
48479.298692,4,0,0,1001622,1
48483.660590,4,0,0,1001545,1
48485.444846,4,0,0,1001552,1
48492.426313,4,0,0,1001419,1
48500.014342,4,0,0,1001546,1
48504.084232,4,0,0,1001586,1
48508.834567,4,0,0,1001607,1
48510.788133,4,0,0,1001587,1
48515.222319,4,0,0,1001625,1
48519.829548,4,0,0,1001591,1
48521.750022,4,0,0,1001471,1
48529.250025,4,0,0,1001304,1
48531.669575,4,0,0,1001134,1
48535.372267,4,0,0,1001157,1
48539.901679,4,0,0,1001078,1
48540.915290,4,0,0,1001035,1
48552.473525,4,0,0,1001100,1
48559.458361,4,0,0,1001018,1
48576.083257,4,0,0,1000756,1
48580.793859,4,0,0,1000751,1
48586.007379,4,0,0,1000824,1
48588.152933,4,0,0,1000799,1
48588.316491,4,0,0,1000790,1
48591.489365,4,0,0,1000858,1
48591.781734,4,0,0,1000832,1
48597.360493,4,0,0,1000892,1
48598.070046,4,0,0,1000848,1
48602.905948,4,0,0,1000937,1
48605.025876,4,0,0,1000847,1
48607.751560,4,0,0,1000804,1
48609.902813,4,0,0,1000838,1
48611.234610,4,0,0,1000875,1
48616.617622,4,0,0,1000805,1
48619.285978,4,0,0,1000808,1
48636.522005,4,0,0,1000575,1
48643.125046,4,0,0,1000538,1
48643.866158,4,0,0,1000498,1
48652.006229,4,0,0,1000655,1
48658.423261,4,0,0,1000539,1
48663.396491,4,0,0,1000622,1
48679.174754,4,0,0,1000542,1
48689.569434,4,0,0,1000247,1
48690.622628,4,0,0,1000298,1
48695.514984,4,0,0,1000432,1
48703.532929,4,0,0,1000236,1
48703.733308,4,0,0,1000225,1
48710.934559,4,0,0,1000406,1
48712.297287,4,0,0,1000404,1
48714.746100,4,0,0,1000471,1
48716.614430,4,0,0,1000446,1
48719.081866,4,0,0,1000401,1
48720.627976,4,0,0,1000344,1
48722.766067,4,0,0,1000448,1
48724.024700,4,0,0,1000358,1
48724.588609,4,0,0,1000305,1
48724.818316,4,0,0,1000364,1
48726.333260,4,0,0,1000368,1
48730.003211,4,0,0,1000180,1
48733.485757,4,0,0,1000168,1
48737.920549,4,0,0,1000151,1
48745.989662,4,0,0,999947,1
48748.245857,4,0,0,999920,1
48754.945706,4,0,0,999907,1
48765.559945,4,0,0,999555,1
48768.462640,4,0,0,999672,1
48795.056641,4,0,0,999510,1
48797.474129,4,0,0,999579,1
48797.633256,4,0,0,999612,1
48802.742921,4,0,0,999628,1
48816.203046,4,0,0,999278,1
48819.338921,4,0,0,999245,1
48833.578064,4,0,0,999260,1
48834.865761,4,0,0,999187,1
48835.078671,4,0,0,999163,1
48842.478414,4,0,0,999055,1
48849.087875,4,0,0,998998,1
48849.715582,4,0,0,999063,1
48851.591948,4,0,0,999116,1
48858.143875,4,0,0,999081,1
48874.096783,4,0,0,998756,1
48876.757540,4,0,0,998716,1
48885.261738,4,0,0,998610,1
48887.453717,4,0,0,998660,1
48902.455142,4,0,0,998411,1
48904.188252,4,0,0,998426,1
48905.971355,4,0,0,998356,1
48906.243409,4,0,0,998332,1
48909.665210,4,0,0,998144,1
48911.277280,4,0,0,998101,1
48911.926499,4,0,0,998105,1
48916.212180,4,0,0,998009,1
48921.679838,4,0,0,997981,1
48925.756884,4,0,0,998023,1
48936.525051,4,0,0,997901,1
48940.554488,4,0,0,997658,1
48942.434509,4,0,0,997669,1
48960.546452,4,0,0,997852,1
48968.871042,4,0,0,997860,1
48972.471245,4,0,0,997880,1
48976.991519,4,0,0,998053,1
48979.021785,4,0,0,998064,1
48984.049478,4,0,0,998254,1
48993.354841,4,0,0,998218,1
49001.154032,4,0,0,998442,1
49003.905407,4,0,0,998505,1
49014.207408,4,0,0,998500,1
49015.580456,4,0,0,998474,1
49019.844401,4,0,0,998611,1
49021.645299,4,0,0,998618,1
49022.336905,4,0,0,998630,1
49032.023084,4,0,0,998586,1
49038.905955,4,0,0,998634,1
49043.040016,4,0,0,998691,1
49044.179297,4,0,0,998612,1
49047.689006,4,0,0,998465,1
49053.634709,4,0,0,998554,1
49058.287801,4,0,0,998577,1
49063.267018,4,0,0,998654,1
49067.558996,4,0,0,998627,1
49076.214838,4,0,0,998523,1
49078.218973,4,0,0,998559,1
49079.208782,4,0,0,998649,1
49084.785028,4,0,0,998838,1
49089.384685,4,0,0,998713,1
49089.547939,4,0,0,998724,1
49091.189084,4,0,0,998779,1
49099.630849,4,0,0,998726,1
49102.908820,4,0,0,998618,1
49105.975593,4,0,0,998501,1
49107.870887,4,0,0,998549,1
49114.735617,4,0,0,998539,1
49123.576521,4,0,0,998728,1
49124.194481,4,0,0,998802,1
49126.270976,4,0,0,998825,1
49129.724383,4,0,0,998779,1
49129.908522,4,0,0,998763,1
49132.133245,4,0,0,998698,1
49140.882013,4,0,0,998537,1
49145.613285,4,0,0,998444,1
49146.152647,4,0,0,998441,1
49149.120260,4,0,0,998540,1
49154.324534,4,0,0,998487,1
49157.992652,4,0,0,998445,1
49158.889844,4,0,0,998439,1
49161.889512,4,0,0,998274,1
49177.636670,4,0,0,998400,1
49182.969004,4,0,0,998242,1
49193.169787,4,0,0,998154,1
49200.141514,4,0,0,998196,1
49203.939547,4,0,0,998175,1
49208.428273,4,0,0,998146,1
49213.185015,4,0,0,998219,1
49216.689932,4,0,0,998307,1
49228.374225,4,0,0,998115,1
49251.250599,4,0,0,998442,1
49252.909416,4,0,0,998546,1
49268.823683,4,0,0,998729,1
49280.972469,4,0,0,998730,1
49288.931207,4,0,0,998733,1
49298.381452,4,0,0,998987,1
49298.966743,4,0,0,998987,1
49315.249691,4,0,0,998836,1
49326.308079,4,0,0,999012,1
49327.937298,4,0,0,999054,1
49336.586251,4,0,0,998988,1
49338.202269,4,0,0,999099,1
49348.334908,4,0,0,999081,1
49356.321099,4,0,0,998909,1
49357.004243,4,0,0,998879,1
49360.105845,4,0,0,999010,1
49361.026006,4,0,0,999046,1
49364.020712,4,0,0,999061,1
49382.306174,4,0,0,999010,1
49391.737810,4,0,0,998720,1
49395.626822,4,0,0,998789,1
49409.368571,4,0,0,998607,1
49435.191469,4,0,0,998523,1
49441.566881,4,0,0,998759,1
49442.002334,4,0,0,998765,1
49442.646557,4,0,0,998739,1
49450.326964,4,0,0,999025,1
49455.676761,4,0,0,998872,1
49458.339807,4,0,0,998908,1
49462.951454,4,0,0,998754,1
49468.321989,4,0,0,998679,1
49484.091226,4,0,0,998688,1
49484.370048,4,0,0,998678,1
49492.364770,4,0,0,998375,1
49498.915466,4,0,0,998210,1
49503.311955,4,0,0,998156,1
49509.784101,4,0,0,998025,1
49512.993925,4,0,0,998100,1
49515.155483,4,0,0,997997,1
49519.256052,4,0,0,997945,1
49521.987305,4,0,0,997964,1
49523.300527,4,0,0,997984,1
49534.645883,4,0,0,997803,1
49539.392863,4,0,0,997943,1
49544.195831,4,0,0,998025,1
49548.857279,4,0,0,997948,1
49549.108630,4,0,0,997947,1
49550.628979,4,0,0,997794,1
49552.545547,4,0,0,997773,1
49557.744685,4,0,0,997810,1
49561.908119,4,0,0,997856,1
49573.643481,4,0,0,997749,1
49584.756116,4,0,0,997753,1
49585.031919,4,0,0,997796,1
49600.552333,4,0,0,997529,1
49604.423863,4,0,0,997626,1
49612.406825,4,0,0,997620,1
49613.931713,4,0,0,997653,1
49614.463317,4,0,0,997651,1
49618.070572,4,0,0,997765,1
49618.276104,4,0,0,997780,1
49622.015389,4,0,0,997829,1
49628.846707,4,0,0,997863,1
49632.018370,4,0,0,997746,1
49639.178081,4,0,0,997542,1
49643.620311,4,0,0,997748,1
49645.401937,4,0,0,997713,1
49649.371712,4,0,0,997595,1
49652.839259,4,0,0,997415,1
49658.777239,4,0,0,997392,1
49661.648400,4,0,0,997277,1
49664.918790,4,0,0,997273,1
49674.887565,4,0,0,997269,1
49687.543765,4,0,0,997323,1
49687.967661,4,0,0,997304,1
49687.998393,4,0,0,997298,1
49689.710048,4,0,0,997339,1
49693.437214,4,0,0,997492,1
49695.527853,4,0,0,997478,1
49702.197390,4,0,0,997508,1
49710.168934,4,0,0,997473,1
49710.425703,4,0,0,997466,1
49727.853778,4,0,0,997435,1
49733.807231,4,0,0,997534,1
49734.519830,4,0,0,997523,1
49742.718289,4,0,0,997588,1
49745.518160,4,0,0,997660,1
49745.704792,4,0,0,997666,1
49748.309305,4,0,0,997742,1
49753.603012,4,0,0,997831,1
49761.038340,4,0,0,997968,1
49763.755391,4,0,0,998016,1
49765.568327,4,0,0,998058,1
49766.543750,4,0,0,998059,1
49767.863699,4,0,0,998057,1
49769.364345,4,0,0,998034,1
49776.301894,4,0,0,997972,1
49783.095020,4,0,0,998081,1
49783.309647,4,0,0,998110,1
49789.842745,4,0,0,997775,1
49789.909763,4,0,0,997796,1
49790.589992,4,0,0,997759,1
49790.713096,4,0,0,997734,1
49792.836895,4,0,0,997812,1
49795.227045,4,0,0,997813,1
49797.687085,4,0,0,997865,1
49805.108937,4,0,0,998077,1
49805.495406,4,0,0,998164,1
49806.306102,4,0,0,998153,1
49806.920858,4,0,0,998176,1
49810.926466,4,0,0,998204,1
49811.423894,4,0,0,998166,1
49816.862376,4,0,0,998034,1
49822.754449,4,0,0,998105,1
49825.985381,4,0,0,998086,1
49827.923328,4,0,0,997975,1
49828.883389,4,0,0,997939,1
49834.290775,4,0,0,997939,1
49835.996298,4,0,0,997968,1
49840.045456,4,0,0,997933,1
49841.282148,4,0,0,997844,1
49842.844148,4,0,0,997857,1
49851.507952,4,0,0,997931,1
49858.104798,4,0,0,997918,1
49862.140439,4,0,0,998071,1
49863.157622,4,0,0,998024,1
49866.436085,4,0,0,998046,1
49880.092823,4,0,0,998229,1
49881.780469,4,0,0,998118,1
49881.941635,4,0,0,998121,1
49883.288971,4,0,0,998126,1
49885.910845,4,0,0,998126,1
49886.409232,4,0,0,998156,1
49888.037163,4,0,0,998208,1
49890.695130,4,0,0,998295,1
49897.192166,4,0,0,998174,1
49899.328482,4,0,0,998341,1
49902.496090,4,0,0,998291,1
49903.840856,4,0,0,998339,1
49910.016675,4,0,0,998156,1
49912.840720,4,0,0,998030,1
49919.159141,4,0,0,998001,1
49925.050893,4,0,0,997906,1
49930.411874,4,0,0,997718,1
49932.931761,4,0,0,997760,1
49942.123610,4,0,0,997635,1
49953.842246,4,0,0,997772,1
49953.988975,4,0,0,997796,1
49959.418523,4,0,0,997827,1
49972.773665,4,0,0,997743,1
49973.594223,4,0,0,997779,1
49997.694667,4,0,0,997458,1
49999.328728,4,0,0,997526,1
50001.801145,4,0,0,997448,1
50003.951896,4,0,0,997367,1
50005.429700,4,0,0,997378,1
50006.210691,4,0,0,997400,1
50011.997510,4,0,0,997197,1
50021.856670,4,0,0,997400,1
50029.794447,4,0,0,997324,1
50036.943419,4,0,0,997242,1
50037.679278,4,0,0,997266,1
50045.247446,4,0,0,997018,1
50045.371965,4,0,0,997023,1
50052.384635,4,0,0,997293,1
50072.672574,4,0,0,997876,1
50072.794548,4,0,0,997883,1
50074.794713,4,0,0,998004,1
50075.006952,4,0,0,998006,1
50077.186701,4,0,0,998157,1
50082.660535,4,0,0,998282,1
50082.828412,4,0,0,998290,1
50087.456740,4,0,0,998464,1
50089.353732,4,0,0,998473,1
50092.953322,4,0,0,998441,1
50094.869628,4,0,0,998431,1
50101.055018,4,0,0,998485,1
50105.731245,4,0,0,998420,1
50112.492339,4,0,0,998531,1
50117.296594,4,0,0,998520,1
50118.575849,4,0,0,998406,1
50124.207322,4,0,0,998492,1
50127.767997,4,0,0,998591,1
50131.984182,4,0,0,998666,1
50145.379256,4,0,0,998561,1
50145.769353,4,0,0,998573,1
50148.709065,4,0,0,998523,1
50150.650440,4,0,0,998636,1
50152.605906,4,0,0,998653,1
50159.780323,4,0,0,998616,1
50165.465777,4,0,0,998620,1
50182.021429,4,0,0,998178,1
50183.280691,4,0,0,998067,1
50186.745720,4,0,0,998093,1
50192.778772,4,0,0,998219,1
50196.493944,4,0,0,998153,1
50200.040510,4,0,0,998151,1
50203.535454,4,0,0,998063,1
50217.128253,4,0,0,998307,1
50220.683447,4,0,0,998361,1
50220.751864,4,0,0,998363,1
50228.498900,4,0,0,998455,1
50232.398194,4,0,0,998298,1
50233.137002,4,0,0,998251,1
50235.678239,4,0,0,998224,1
50245.784733,4,0,0,998392,1
50246.653656,4,0,0,998501,1
50249.918672,4,0,0,998452,1
50257.860208,4,0,0,998550,1
50265.105189,4,0,0,998506,1
50269.868969,4,0,0,998514,1
50271.724201,4,0,0,998588,1
50271.978348,4,0,0,998642,1
50276.230484,4,0,0,998656,1
50280.045496,4,0,0,998768,1
50287.410703,4,0,0,998928,1
50290.367209,4,0,0,998957,1
50295.076420,4,0,0,999109,1
50297.122267,4,0,0,999031,1
50297.262113,4,0,0,999057,1
50297.512006,4,0,0,999054,1
50305.490202,4,0,0,999023,1
50309.192395,4,0,0,999018,1
50311.833723,4,0,0,998854,1
50312.093054,4,0,0,998858,1
50314.212649,4,0,0,998825,1
50321.070427,4,0,0,998846,1
50331.968489,4,0,0,998757,1
50332.602331,4,0,0,998788,1
50335.280421,4,0,0,998815,1
50339.931959,4,0,0,998966,1
50355.317652,4,0,0,999134,1
50365.457798,4,0,0,998997,1
50376.187236,4,0,0,998994,1
50376.418703,4,0,0,998963,1
50376.476845,4,0,0,998951,1
50379.175832,4,0,0,998965,1
50395.722774,4,0,0,998596,1
50398.844129,4,0,0,998592,1
50400.890459,4,0,0,998658,1
50403.308642,4,0,0,998805,1
50406.199166,4,0,0,998790,1
50413.148900,4,0,0,998704,1
50414.564976,4,0,0,998666,1
50416.939336,4,0,0,998629,1
50419.065340,4,0,0,998678,1
50421.556672,4,0,0,998694,1
50424.977093,4,0,0,998629,1
50432.710081,4,0,0,998644,1
50441.356602,4,0,0,998626,1
50445.132404,4,0,0,998472,1
50446.981509,4,0,0,998559,1
50447.114235,4,0,0,998567,1
50447.181049,4,0,0,998548,1
50448.583316,4,0,0,998613,1
50451.091360,4,0,0,998592,1
50456.448116,4,0,0,998644,1
50456.502452,4,0,0,998634,1
50459.528086,4,0,0,998578,1
50463.578192,4,0,0,998663,1
50467.644313,4,0,0,998579,1
50468.748014,4,0,0,998639,1
50470.705900,4,0,0,998642,1
50478.170500,4,0,0,998599,1
50485.864075,4,0,0,998796,1
50489.563578,4,0,0,998819,1
50498.941961,4,0,0,998715,1
50503.865989,4,0,0,998814,1
50506.711657,4,0,0,998743,1
50508.071835,4,0,0,998731,1
50509.454549,4,0,0,998729,1
50514.948204,4,0,0,998750,1
50516.107554,4,0,0,998765,1
50516.924467,4,0,0,998683,1
50520.195965,4,0,0,998889,1
