34199.000000,1,0,100,999000,1
34199.000000,1,0,100,999100,1
34199.000000,1,0,100,999200,1
34199.000000,1,0,100,999300,1
34199.000000,1,0,100,999400,1
34199.000000,1,0,100,999500,1
34199.000000,1,0,100,999600,1
34199.000000,1,0,100,999700,1
34199.000000,1,0,100,999800,1
34199.000000,1,0,100,999900,1
34199.000000,1,0,100,1000100,-1
34199.000000,1,0,100,1000200,-1
34199.000000,1,0,100,1000300,-1
34199.000000,1,0,100,1000400,-1
34199.000000,1,0,100,1000500,-1
34199.000000,1,0,100,1000600,-1
34199.000000,1,0,100,1000700,-1
34199.000000,1,0,100,1000800,-1
34199.000000,1,0,100,1000900,-1
34199.000000,1,0,100,1001000,-1
34200.000000,4,0,0,1000000,1
34201.928428,4,0,0,1000052,1
34210.157917,4,0,0,1000399,1
34210.361501,4,0,0,1000358,1
34210.905964,4,0,0,1000326,1
34215.227068,4,0,0,1000219,1
34218.834219,4,0,0,1000411,1
34221.428197,4,0,0,1000421,1
34223.381218,4,0,0,1000541,1
34228.038066,4,0,0,1000739,1
34230.793761,4,0,0,1000821,1
34237.157660,4,0,0,1000944,1
34240.646519,4,0,0,1000921,1
34244.780199,4,0,0,1001008,1
34249.735330,4,0,0,1001076,1
34271.856465,4,0,0,1001275,1
34280.049438,4,0,0,1001415,1
34282.597526,4,0,0,1001329,1
34292.585979,4,0,0,1001341,1
34300.883607,4,0,0,1001320,1
34301.151356,4,0,0,1001333,1
34307.212924,4,0,0,1001416,1
34314.958197,4,0,0,1001282,1
34321.331599,4,0,0,1001400,1
34327.234348,4,0,0,1001598,1
34330.955901,4,0,0,1001622,1
34331.593221,4,0,0,1001627,1
34346.706257,4,0,0,1001368,1
34349.174016,4,0,0,1001306,1
34350.343013,4,0,0,1001385,1
34356.381509,4,0,0,1001310,1
34381.004153,4,0,0,1001132,1
34382.415188,4,0,0,1001225,1
34387.733600,4,0,0,1001219,1
34392.101605,4,0,0,1001243,1
34398.141052,4,0,0,1001417,1
34411.382533,4,0,0,1001250,1
34413.455002,4,0,0,1001235,1
34414.853340,4,0,0,1001190,1
34417.314825,4,0,0,1001246,1
34423.875058,4,0,0,1001339,1
34430.029835,4,0,0,1001228,1
34432.520489,4,0,0,1001179,1
34454.245599,4,0,0,1000689,1
34457.107601,4,0,0,1000658,1
34459.345114,4,0,0,1000598,1
34465.256035,4,0,0,1000670,1
34465.667390,4,0,0,1000699,1
34468.096192,4,0,0,1000663,1
34475.139587,4,0,0,1000780,1
34482.056776,4,0,0,1000812,1
34483.652716,4,0,0,1000839,1
34484.657262,4,0,0,1000780,1
34487.703276,4,0,0,1000564,1
34489.651970,4,0,0,1000520,1
34495.995155,4,0,0,1000611,1
34496.997135,4,0,0,1000638,1
34498.919301,4,0,0,1000581,1
34507.807064,4,0,0,1000641,1
34512.369930,4,0,0,1000606,1
34522.719213,4,0,0,1000627,1
34540.658618,4,0,0,1000393,1
34549.326883,4,0,0,1000349,1
34550.280288,4,0,0,1000305,1
34554.885387,4,0,0,1000357,1
34557.975520,4,0,0,1000245,1
34560.450497,4,0,0,1000305,1
34566.924266,4,0,0,1000307,1
34575.281219,4,0,0,1000198,1
34580.776206,4,0,0,1000346,1
34581.493092,4,0,0,1000292,1
34587.293308,4,0,0,1000332,1
34587.583164,4,0,0,1000361,1
34588.606166,4,0,0,1000313,1
34600.974517,4,0,0,1000350,1
34603.457087,4,0,0,1000277,1
34604.224329,4,0,0,1000306,1
34609.705112,4,0,0,1000241,1
34610.558415,4,0,0,1000241,1
34615.552388,4,0,0,1000331,1
34616.937807,4,0,0,1000306,1
34617.139790,4,0,0,1000345,1
34632.375754,4,0,0,1000762,1
34632.703255,4,0,0,1000793,1
34636.141836,4,0,0,1000752,1
34638.137399,4,0,0,1000706,1
34643.294247,4,0,0,1000662,1
34652.188118,4,0,0,1000414,1
34656.614418,4,0,0,1000460,1
34660.843882,4,0,0,1000396,1
34661.438837,4,0,0,1000416,1
34667.363305,4,0,0,1000477,1
34668.457034,4,0,0,1000546,1
34671.679070,4,0,0,1000552,1
34671.857342,4,0,0,1000540,1
34673.668607,4,0,0,1000571,1
34683.171230,4,0,0,1000597,1
34687.078887,4,0,0,1000664,1
34690.860911,4,0,0,1000740,1
34693.052964,4,0,0,1000695,1
34701.471367,4,0,0,1000693,1
34703.017449,4,0,0,1000825,1
34703.659327,4,0,0,1000889,1
34707.613922,4,0,0,1000836,1
34709.100847,4,0,0,1001000,1
34716.231700,4,0,0,1000878,1
34717.176836,4,0,0,1000893,1
34724.485654,4,0,0,1000768,1
34728.962048,4,0,0,1000707,1
34729.165893,4,0,0,1000675,1
34733.104053,4,0,0,1000618,1
34738.376561,4,0,0,1000424,1
34751.698294,4,0,0,1000453,1
34759.068130,4,0,0,1000444,1
34765.702854,4,0,0,1000596,1
34768.987988,4,0,0,1000621,1
34769.196742,4,0,0,1000623,1
34777.311009,4,0,0,1000448,1
34777.376578,4,0,0,1000440,1
34781.193882,4,0,0,1000445,1
34785.192583,4,0,0,1000477,1
34785.765314,4,0,0,1000424,1
34786.075217,4,0,0,1000442,1
34790.162201,4,0,0,1000408,1
34793.338659,4,0,0,1000326,1
34795.053286,4,0,0,1000367,1
34795.247397,4,0,0,1000351,1
34800.050498,4,0,0,1000256,1
34800.685150,4,0,0,1000220,1
34800.740951,4,0,0,1000211,1
34802.289121,4,0,0,1000132,1
34804.004593,4,0,0,1000047,1
34804.955040,4,0,0,1000096,1
34805.286421,4,0,0,1000082,1
34812.507336,4,0,0,999986,1
34814.955049,4,0,0,999860,1
34816.303570,4,0,0,999878,1
34819.849656,4,0,0,999880,1
34821.256658,4,0,0,999952,1
34830.386098,4,0,0,1000092,1
34833.544181,4,0,0,1000089,1
34838.209021,4,0,0,1000072,1
34855.486845,4,0,0,1000126,1
34857.581028,4,0,0,1000114,1
34858.797227,4,0,0,1000066,1
34877.198777,4,0,0,1000015,1
34881.426629,4,0,0,999982,1
34900.545853,4,0,0,999920,1
34917.099252,4,0,0,1000256,1
34922.936264,4,0,0,1000227,1
34923.029839,4,0,0,1000222,1
34927.565544,4,0,0,1000367,1
34928.937856,4,0,0,1000445,1
34929.600429,4,0,0,1000476,1
34931.780675,4,0,0,1000607,1
34932.847859,4,0,0,1000637,1
34939.800339,4,0,0,1000703,1
34952.805998,4,0,0,1000508,1
34952.933898,4,0,0,1000516,1
34954.347820,4,0,0,1000460,1
34955.827307,4,0,0,1000520,1
34956.561196,4,0,0,1000531,1
34971.026323,4,0,0,1000752,1
34972.386248,4,0,0,1000792,1
34974.491100,4,0,0,1000787,1
34974.730947,4,0,0,1000819,1
34976.031013,4,0,0,1000807,1
34986.279737,4,0,0,1000599,1
35002.227431,4,0,0,1000530,1
35007.328620,4,0,0,1000423,1
35009.012140,4,0,0,1000377,1
35009.304529,4,0,0,1000324,1
35018.856475,4,0,0,1000264,1
35019.662313,4,0,0,1000267,1
35021.163672,4,0,0,1000271,1
35024.961507,4,0,0,1000198,1
35026.351164,4,0,0,1000224,1
35035.252745,4,0,0,1000381,1
35038.587210,4,0,0,1000411,1
35041.756280,4,0,0,1000431,1
35053.020850,4,0,0,1000528,1
35064.819164,4,0,0,1000376,1
35066.141220,4,0,0,1000322,1
35066.231778,4,0,0,1000342,1
35071.535384,4,0,0,1000438,1
35073.043392,4,0,0,1000504,1
35073.112270,4,0,0,1000489,1
35073.600677,4,0,0,1000534,1
35076.194904,4,0,0,1000536,1
35076.808926,4,0,0,1000559,1
35077.918098,4,0,0,1000573,1
35084.450968,4,0,0,1000585,1
35087.358320,4,0,0,1000637,1
35087.934239,4,0,0,1000595,1
35089.093312,4,0,0,1000470,1
35101.821215,4,0,0,1000824,1
35101.859101,4,0,0,1000822,1
35106.767513,4,0,0,1000898,1
35111.713318,4,0,0,1000958,1
35117.163569,4,0,0,1001093,1
35121.289253,4,0,0,1000933,1
35128.626196,4,0,0,1001135,1
35136.872238,4,0,0,1001029,1
35141.847281,4,0,0,1001252,1
35142.793776,4,0,0,1001318,1
35148.986859,4,0,0,1001510,1
35150.588494,4,0,0,1001427,1
35159.392550,4,0,0,1001476,1
35163.428586,4,0,0,1001563,1
35163.854597,4,0,0,1001526,1
35175.415419,4,0,0,1001752,1
35178.382578,4,0,0,1001810,1
35192.067794,4,0,0,1001740,1
35192.265375,4,0,0,1001746,1
35192.808757,4,0,0,1001758,1
35199.545873,4,0,0,1001928,1
35199.749861,4,0,0,1001897,1
35202.621127,4,0,0,1001775,1
35210.715034,4,0,0,1001845,1
35213.312223,4,0,0,1001928,1
35214.319229,4,0,0,1001898,1
35223.181961,4,0,0,1001787,1
35223.724226,4,0,0,1001783,1
35225.348008,4,0,0,1001841,1
35226.517114,4,0,0,1001813,1
35229.500406,4,0,0,1001734,1
35231.340995,4,0,0,1001798,1
35242.803106,4,0,0,1001636,1
35250.164495,4,0,0,1001788,1
35256.012002,4,0,0,1001865,1
35256.732399,4,0,0,1001802,1
35261.255663,4,0,0,1001824,1
35270.371777,4,0,0,1001918,1
35282.675402,4,0,0,1001575,1
35287.863292,4,0,0,1001417,1
35289.295986,4,0,0,1001464,1
35290.845036,4,0,0,1001458,1
35295.668861,4,0,0,1001510,1
35301.829454,4,0,0,1001462,1
35303.572666,4,0,0,1001429,1
35308.988825,4,0,0,1001480,1
35312.364552,4,0,0,1001416,1
35320.817266,4,0,0,1001153,1
35326.313282,4,0,0,1001193,1
35337.828641,4,0,0,1001352,1
35338.439356,4,0,0,1001352,1
35347.191130,4,0,0,1001542,1
35361.348125,4,0,0,1001298,1
35365.422724,4,0,0,1001524,1
35365.442578,4,0,0,1001529,1
35365.605513,4,0,0,1001500,1
35368.147618,4,0,0,1001583,1
35371.077763,4,0,0,1001599,1
35374.181994,4,0,0,1001609,1
35379.649762,4,0,0,1001695,1
35386.370700,4,0,0,1001578,1
35394.588321,4,0,0,1001799,1
35396.620398,4,0,0,1001822,1
35401.182346,4,0,0,1001828,1
35403.567604,4,0,0,1001718,1
35409.744520,4,0,0,1001759,1
35413.706682,4,0,0,1001794,1
35418.024559,4,0,0,1001737,1
35420.369592,4,0,0,1001838,1
35425.180091,4,0,0,1001848,1
35434.851859,4,0,0,1001938,1
35439.893197,4,0,0,1002055,1
35440.551151,4,0,0,1002083,1
35440.995333,4,0,0,1002118,1
35446.404132,4,0,0,1002256,1
35448.504591,4,0,0,1002235,1
35450.311130,4,0,0,1002234,1
35460.864235,4,0,0,1002228,1
35470.397842,4,0,0,1002377,1
35478.228237,4,0,0,1002361,1
35480.341539,4,0,0,1002305,1
35485.235417,4,0,0,1002107,1
35489.601356,4,0,0,1002041,1
35490.885210,4,0,0,1002055,1
35495.143509,4,0,0,1002092,1
35522.921792,4,0,0,1001715,1
35523.179441,4,0,0,1001693,1
35524.475680,4,0,0,1001678,1
35526.397008,4,0,0,1001592,1
35534.112500,4,0,0,1001751,1
35536.915543,4,0,0,1001733,1
35537.225177,4,0,0,1001724,1
35539.056405,4,0,0,1001779,1
35547.540983,4,0,0,1001782,1
35553.951533,4,0,0,1001742,1
35555.514054,4,0,0,1001785,1
35561.747949,4,0,0,1001703,1
35563.589261,4,0,0,1001664,1
35564.380414,4,0,0,1001643,1
35584.416409,4,0,0,1001594,1
35585.866232,4,0,0,1001622,1
35590.350325,4,0,0,1001675,1
35602.281141,4,0,0,1001932,1
35607.204506,4,0,0,1001906,1
35609.864503,4,0,0,1001878,1
35612.284122,4,0,0,1002002,1
35612.523805,4,0,0,1001985,1
35612.928851,4,0,0,1001970,1
35615.792429,4,0,0,1001937,1
35628.006042,4,0,0,1001963,1
35629.276328,4,0,0,1001937,1
35638.986822,4,0,0,1001958,1
35646.831126,4,0,0,1001944,1
35647.745765,4,0,0,1001895,1
35649.535948,4,0,0,1001947,1
35652.209455,4,0,0,1001968,1
35661.582740,4,0,0,1002153,1
35666.389260,4,0,0,1002142,1
35674.715033,4,0,0,1002187,1
35678.000177,4,0,0,1002200,1
35682.174918,4,0,0,1002204,1
35685.066701,4,0,0,1002233,1
35686.494832,4,0,0,1002239,1
35691.099006,4,0,0,1002261,1
35695.193788,4,0,0,1002344,1
35704.851866,4,0,0,1002325,1
35717.206434,4,0,0,1002053,1
35721.286993,4,0,0,1002096,1
35726.948616,4,0,0,1001936,1
35729.328598,4,0,0,1001790,1
35734.722220,4,0,0,1001804,1
35764.963805,4,0,0,1001688,1
35778.442456,4,0,0,1001562,1
35779.170270,4,0,0,1001542,1
35792.474632,4,0,0,1001631,1
35792.663082,4,0,0,1001620,1
35792.785006,4,0,0,1001618,1
35793.720788,4,0,0,1001665,1
35795.460289,4,0,0,1001696,1
35815.455021,4,0,0,1002037,1
35829.187161,4,0,0,1002438,1
35836.088215,4,0,0,1002408,1
35840.752295,4,0,0,1002242,1
35857.338989,4,0,0,1002120,1
35861.406814,4,0,0,1002111,1
35862.553087,4,0,0,1002129,1
35863.237773,4,0,0,1002098,1
35870.134857,4,0,0,1002102,1
35873.716669,4,0,0,1001957,1
35881.844714,4,0,0,1001979,1
35889.393081,4,0,0,1002158,1
35894.695053,4,0,0,1002251,1
35901.862662,4,0,0,1001969,1
35907.432396,4,0,0,1001971,1
35910.108977,4,0,0,1001916,1
35918.583009,4,0,0,1001968,1
35930.416523,4,0,0,1001890,1
35937.598792,4,0,0,1002117,1
35938.027846,4,0,0,1002193,1
35952.316902,4,0,0,1002239,1
35955.416322,4,0,0,1002200,1
35965.775037,4,0,0,1002324,1
35966.199417,4,0,0,1002301,1
35979.508711,4,0,0,1002355,1
35981.316161,4,0,0,1002468,1
35983.928717,4,0,0,1002427,1
35989.455629,4,0,0,1002439,1
35989.910713,4,0,0,1002471,1
35991.025471,4,0,0,1002498,1
35995.206516,4,0,0,1002720,1
35997.532188,4,0,0,1002791,1
35998.069921,4,0,0,1002775,1
35998.118372,4,0,0,1002758,1
36008.943694,4,0,0,1002828,1
36014.214584,4,0,0,1002879,1
36016.085769,4,0,0,1002908,1
36026.468614,4,0,0,1003206,1
36042.806687,4,0,0,1003084,1
36043.213265,4,0,0,1003092,1
36044.655651,4,0,0,1003061,1
36048.261320,4,0,0,1003098,1
36060.373191,4,0,0,1003397,1
36061.641525,4,0,0,1003336,1
36074.732892,4,0,0,1003202,1
36085.793473,4,0,0,1003278,1
36087.766662,4,0,0,1003281,1
36088.986500,4,0,0,1003243,1
36089.954699,4,0,0,1003188,1
36090.224992,4,0,0,1003164,1
36105.164329,4,0,0,1002967,1
36105.923274,4,0,0,1002995,1
36121.050552,4,0,0,1003040,1
36123.030401,4,0,0,1002914,1
36123.322668,4,0,0,1002954,1
36131.499036,4,0,0,1003161,1
36139.274169,4,0,0,1002857,1
36142.249057,4,0,0,1002761,1
36149.323296,4,0,0,1002639,1
36155.927260,4,0,0,1002636,1
36158.790940,4,0,0,1002709,1
36160.383624,4,0,0,1002719,1
36161.118415,4,0,0,1002676,1
36172.632848,4,0,0,1002342,1
36173.026768,4,0,0,1002372,1
36179.209173,4,0,0,1002488,1
36179.595710,4,0,0,1002536,1
36184.894472,4,0,0,1002469,1
36185.191730,4,0,0,1002445,1
36185.755501,4,0,0,1002424,1
36188.838651,4,0,0,1002570,1
36189.242195,4,0,0,1002563,1
36189.397424,4,0,0,1002559,1
36194.275838,4,0,0,1002641,1
36205.056918,4,0,0,1002865,1
36208.212494,4,0,0,1002803,1
36216.902848,4,0,0,1002807,1
36222.803226,4,0,0,1002676,1
36235.726001,4,0,0,1002283,1
36253.237238,4,0,0,1002624,1
36257.477637,4,0,0,1002695,1
36271.436037,4,0,0,1002807,1
36277.276962,4,0,0,1002994,1
36280.263886,4,0,0,1002937,1
36292.048520,4,0,0,1002657,1
36296.190567,4,0,0,1002634,1
36297.497344,4,0,0,1002720,1
36299.856171,4,0,0,1002800,1
36302.477437,4,0,0,1002774,1
36303.334008,4,0,0,1002807,1
36303.455026,4,0,0,1002811,1
36303.713366,4,0,0,1002798,1
36309.135524,4,0,0,1002701,1
36310.535408,4,0,0,1002636,1
36311.323819,4,0,0,1002657,1
36312.376025,4,0,0,1002670,1
36320.527390,4,0,0,1002644,1
36331.155328,4,0,0,1002533,1
36334.050676,4,0,0,1002506,1
36340.505200,4,0,0,1002398,1
36344.595639,4,0,0,1002394,1
36347.800329,4,0,0,1002374,1
36352.742598,4,0,0,1002392,1
36366.903192,4,0,0,1002485,1
36374.655052,4,0,0,1002404,1
36377.180613,4,0,0,1002419,1
36378.564728,4,0,0,1002461,1
36378.577286,4,0,0,1002461,1
36380.223002,4,0,0,1002404,1
36398.735841,4,0,0,1002234,1
36401.371762,4,0,0,1002258,1
36405.084441,4,0,0,1002400,1
36405.398902,4,0,0,1002413,1
36406.132141,4,0,0,1002462,1
36426.400170,4,0,0,1002355,1
36430.067784,4,0,0,1002302,1
36431.262539,4,0,0,1002260,1
36436.171825,4,0,0,1002324,1
36442.374968,4,0,0,1002443,1
36445.727699,4,0,0,1002386,1
36447.633624,4,0,0,1002421,1
36453.756082,4,0,0,1002283,1
36454.422865,4,0,0,1002328,1
36460.516067,4,0,0,1002430,1
36463.354183,4,0,0,1002430,1
36466.828485,4,0,0,1002494,1
36471.539918,4,0,0,1002578,1
36480.924085,4,0,0,1002529,1
36482.734467,4,0,0,1002469,1
36488.427962,4,0,0,1002551,1
36489.020501,4,0,0,1002532,1
36491.779805,4,0,0,1002531,1
36497.816637,4,0,0,1002642,1
36508.364034,4,0,0,1002745,1
36512.257502,4,0,0,1002795,1
36517.053930,4,0,0,1002708,1
36520.685781,4,0,0,1002667,1
36522.713838,4,0,0,1002687,1
36531.649097,4,0,0,1002577,1
36535.730798,4,0,0,1002655,1
36537.176214,4,0,0,1002604,1
36544.800790,4,0,0,1002377,1
36553.399286,4,0,0,1002539,1
36556.282086,4,0,0,1002532,1
36561.722822,4,0,0,1002529,1
36562.190822,4,0,0,1002507,1
36568.319679,4,0,0,1002566,1
36570.280375,4,0,0,1002501,1
36570.389361,4,0,0,1002505,1
36576.226552,4,0,0,1002696,1
36580.024859,4,0,0,1002740,1
36588.446360,4,0,0,1002677,1
36589.031491,4,0,0,1002688,1
36612.892773,4,0,0,1002056,1
36614.825072,4,0,0,1002010,1
36615.512475,4,0,0,1002058,1
36615.719442,4,0,0,1002049,1
36617.568918,4,0,0,1002088,1
36618.694997,4,0,0,1002050,1
36622.777440,4,0,0,1001995,1
36637.974704,4,0,0,1002297,1
36639.142766,4,0,0,1002318,1
36641.050795,4,0,0,1002266,1
36642.529753,4,0,0,1002257,1
36644.041034,4,0,0,1002265,1
36649.594683,4,0,0,1002233,1
36660.287715,4,0,0,1002173,1
36664.483000,4,0,0,1002006,1
36666.930142,4,0,0,1001824,1
36669.581572,4,0,0,1001770,1
36673.430268,4,0,0,1001817,1
36675.172667,4,0,0,1001820,1
36676.597074,4,0,0,1001876,1
36688.102738,4,0,0,1001646,1
36691.527255,4,0,0,1001680,1
36692.136054,4,0,0,1001701,1
36696.176749,4,0,0,1001693,1
36697.551643,4,0,0,1001670,1
36697.577501,4,0,0,1001659,1
36701.635110,4,0,0,1001617,1
36703.754933,4,0,0,1001763,1
36709.250719,4,0,0,1001761,1
36713.800820,4,0,0,1001530,1
36714.712930,4,0,0,1001611,1
36716.427131,4,0,0,1001479,1
36722.441906,4,0,0,1001442,1
36725.134584,4,0,0,1001376,1
36725.826275,4,0,0,1001377,1
36726.739766,4,0,0,1001414,1
36732.922436,4,0,0,1001356,1
36737.603824,4,0,0,1001591,1
36741.478458,4,0,0,1001722,1
36741.752832,4,0,0,1001693,1
36744.103682,4,0,0,1001656,1
36746.924405,4,0,0,1001766,1
36751.120795,4,0,0,1001690,1
36756.813845,4,0,0,1001853,1
36762.862660,4,0,0,1001764,1
36767.147771,4,0,0,1002043,1
36768.656821,4,0,0,1002067,1
36771.165225,4,0,0,1002051,1
36778.308908,4,0,0,1001952,1
36781.303907,4,0,0,1002096,1
36783.777080,4,0,0,1002001,1
36792.991896,4,0,0,1002188,1
36818.411158,4,0,0,1002477,1
36821.016406,4,0,0,1002476,1
36825.823421,4,0,0,1002432,1
36837.402702,4,0,0,1002594,1
36838.204749,4,0,0,1002582,1
36839.849884,4,0,0,1002681,1
36844.830759,4,0,0,1002694,1
36845.769865,4,0,0,1002646,1
36847.340800,4,0,0,1002697,1
36860.495591,4,0,0,1002962,1
36862.303289,4,0,0,1003004,1
36862.786025,4,0,0,1002992,1
36866.092868,4,0,0,1002948,1
36866.470794,4,0,0,1002988,1
36867.852154,4,0,0,1003034,1
36882.693677,4,0,0,1002911,1
36891.499278,4,0,0,1002767,1
36892.268985,4,0,0,1002728,1
36893.619939,4,0,0,1002766,1
36893.889129,4,0,0,1002728,1
36894.954786,4,0,0,1002762,1
36902.868535,4,0,0,1002695,1
36914.645983,4,0,0,1002711,1
36919.333978,4,0,0,1002700,1
36919.760998,4,0,0,1002749,1
36923.086653,4,0,0,1002676,1
36928.349604,4,0,0,1002625,1
36928.888213,4,0,0,1002609,1
36933.060143,4,0,0,1002515,1
36939.795595,4,0,0,1002382,1
36942.124110,4,0,0,1002404,1
36950.472529,4,0,0,1002415,1
36951.361873,4,0,0,1002469,1
36952.826416,4,0,0,1002559,1
36960.639523,4,0,0,1002623,1
36966.154346,4,0,0,1002765,1
36973.435477,4,0,0,1002572,1
36974.376179,4,0,0,1002649,1
36989.033233,4,0,0,1002777,1
36989.964100,4,0,0,1002707,1
36995.670639,4,0,0,1002683,1
36997.434212,4,0,0,1002634,1
37000.835826,4,0,0,1002756,1
37012.590664,4,0,0,1003069,1
37019.779618,4,0,0,1003069,1
37026.387630,4,0,0,1003051,1
37026.949173,4,0,0,1003042,1
37038.633772,4,0,0,1003105,1
37049.789526,4,0,0,1003328,1
37069.590137,4,0,0,1003342,1
37070.163389,4,0,0,1003374,1
37072.470056,4,0,0,1003363,1
37074.006974,4,0,0,1003353,1
37083.034273,4,0,0,1003474,1
37093.999780,4,0,0,1003521,1
37097.362927,4,0,0,1003554,1
37098.558438,4,0,0,1003460,1
37098.794832,4,0,0,1003482,1
37108.968247,4,0,0,1003601,1
37123.138602,4,0,0,1003420,1
37129.855352,4,0,0,1003314,1
37138.159076,4,0,0,1003399,1
37139.939705,4,0,0,1003461,1
37140.599835,4,0,0,1003432,1
37141.107823,4,0,0,1003459,1
37146.435886,4,0,0,1003479,1
37147.167255,4,0,0,1003528,1
37159.425192,4,0,0,1003312,1
37160.767985,4,0,0,1003263,1
37167.357626,4,0,0,1003406,1
37171.871315,4,0,0,1003486,1
37173.892980,4,0,0,1003441,1
37178.661429,4,0,0,1003434,1
37178.747925,4,0,0,1003396,1
37185.659154,4,0,0,1003397,1
37186.561183,4,0,0,1003430,1
37191.091659,4,0,0,1003626,1
37191.689720,4,0,0,1003615,1
37195.728303,4,0,0,1003773,1
37202.052081,4,0,0,1003553,1
37209.664204,4,0,0,1003458,1
37210.364389,4,0,0,1003474,1
37213.461213,4,0,0,1003373,1
37215.991705,4,0,0,1003461,1
37218.426196,4,0,0,1003437,1
37226.914882,4,0,0,1003174,1
37227.908662,4,0,0,1003183,1
37234.760585,4,0,0,1003262,1
37241.122905,4,0,0,1003219,1
37243.746794,4,0,0,1003036,1
37244.451339,4,0,0,1003004,1
37250.278276,4,0,0,1003003,1
37260.219853,4,0,0,1003063,1
37261.144400,4,0,0,1003004,1
37261.742217,4,0,0,1002990,1
37262.872627,4,0,0,1002976,1
37265.673939,4,0,0,1002928,1
37268.623514,4,0,0,1002960,1
37275.384431,4,0,0,1003068,1
37276.241982,4,0,0,1003041,1
37287.227368,4,0,0,1003142,1
37290.752650,4,0,0,1003030,1
37292.318928,4,0,0,1003086,1
37292.428980,4,0,0,1003093,1
37296.643439,4,0,0,1003097,1
37297.721368,4,0,0,1003049,1
37300.505994,4,0,0,1002962,1
37315.986191,4,0,0,1003139,1
37317.067281,4,0,0,1003086,1
37319.619810,4,0,0,1003097,1
37328.492662,4,0,0,1003351,1
37328.624556,4,0,0,1003327,1
37333.939753,4,0,0,1003186,1
37336.935079,4,0,0,1003206,1
37338.941633,4,0,0,1003182,1
37342.254678,4,0,0,1003063,1
37344.959395,4,0,0,1003133,1
37348.857379,4,0,0,1003048,1
37349.404235,4,0,0,1002975,1
37351.500517,4,0,0,1002932,1
37364.202605,4,0,0,1002965,1
37367.553099,4,0,0,1002989,1
37372.456238,4,0,0,1002875,1
37375.496655,4,0,0,1002789,1
37391.936772,4,0,0,1002577,1
37392.528276,4,0,0,1002571,1
37394.591642,4,0,0,1002561,1
37400.041248,4,0,0,1002284,1
37407.398237,4,0,0,1002216,1
37409.821715,4,0,0,1002230,1
37416.274884,4,0,0,1002179,1
37418.503761,4,0,0,1002097,1
37418.994651,4,0,0,1002117,1
37419.076473,4,0,0,1002117,1
37419.806773,4,0,0,1002128,1
37440.592456,4,0,0,1002309,1
37441.611747,4,0,0,1002345,1
37441.650152,4,0,0,1002344,1
37445.667082,4,0,0,1002281,1
37448.814015,4,0,0,1002290,1
37450.504673,4,0,0,1002196,1
37463.257646,4,0,0,1002428,1
37469.041522,4,0,0,1002220,1
37471.597877,4,0,0,1002225,1
37471.712421,4,0,0,1002219,1
37477.322006,4,0,0,1002104,1
37482.664308,4,0,0,1002076,1
37484.632727,4,0,0,1002018,1
37501.779225,4,0,0,1002031,1
37513.923098,4,0,0,1002159,1
37517.260605,4,0,0,1002223,1
37526.221076,4,0,0,1002094,1
37535.354095,4,0,0,1002215,1
37537.556585,4,0,0,1002262,1
37561.273526,4,0,0,1002174,1
37563.630979,4,0,0,1002079,1
37570.466032,4,0,0,1001888,1
37573.374666,4,0,0,1001886,1
37573.957240,4,0,0,1001908,1
37577.884971,4,0,0,1001892,1
37583.754329,4,0,0,1002055,1
37588.279089,4,0,0,1002094,1
37589.976245,4,0,0,1002147,1
37600.451912,4,0,0,1001907,1
37607.978197,4,0,0,1001809,1
37610.414518,4,0,0,1001755,1
37611.953584,4,0,0,1001708,1
37620.173836,4,0,0,1001575,1
37621.669112,4,0,0,1001578,1
37623.110670,4,0,0,1001553,1
37624.602128,4,0,0,1001533,1
37629.058250,4,0,0,1001411,1
37630.593117,4,0,0,1001450,1
37639.934392,4,0,0,1001513,1
37641.528903,4,0,0,1001518,1
37655.559560,4,0,0,1001227,1
37657.934100,4,0,0,1001346,1
37663.929877,4,0,0,1001203,1
37664.855413,4,0,0,1001178,1
37665.779305,4,0,0,1001166,1
37667.232683,4,0,0,1001182,1
37668.833070,4,0,0,1001003,1
37674.092346,4,0,0,1000963,1
37689.140294,4,0,0,1001112,1
37694.318410,4,0,0,1001062,1
37698.985657,4,0,0,1001044,1
37716.866645,4,0,0,1000787,1
37718.650962,4,0,0,1000763,1
37726.257310,4,0,0,1000586,1
37730.878169,4,0,0,1000827,1
37735.546067,4,0,0,1000837,1
37737.930537,4,0,0,1000934,1
37756.054178,4,0,0,1000753,1
37757.870360,4,0,0,1000757,1
37759.354667,4,0,0,1000771,1
37763.963894,4,0,0,1000771,1
37764.335709,4,0,0,1000798,1
37766.754739,4,0,0,1000774,1
37771.202348,4,0,0,1000589,1
37775.298829,4,0,0,1000556,1
37785.921588,4,0,0,1000104,1
37796.824350,4,0,0,1000171,1
37797.079966,4,0,0,1000184,1
37803.153395,4,0,0,1000211,1
37815.617358,4,0,0,1000398,1
37817.304159,4,0,0,1000390,1
37817.871544,4,0,0,1000371,1
37827.034736,4,0,0,1000454,1
37830.679196,4,0,0,1000545,1
37838.416233,4,0,0,1000609,1
37841.252380,4,0,0,1000696,1
37852.685422,4,0,0,1000779,1
37864.046862,4,0,0,1000512,1
37866.816893,4,0,0,1000298,1
37875.846361,4,0,0,1000390,1
37883.726660,4,0,0,1000591,1
37888.053696,4,0,0,1000574,1
37889.937197,4,0,0,1000648,1
37891.279249,4,0,0,1000673,1
37897.689488,4,0,0,1000807,1
37904.447456,4,0,0,1000950,1
37904.544213,4,0,0,1000935,1
37911.226576,4,0,0,1000878,1
37912.328197,4,0,0,1000919,1
37913.977341,4,0,0,1000940,1
37921.313239,4,0,0,1000781,1
37925.933521,4,0,0,1000776,1
37937.347113,4,0,0,1000851,1
37949.253460,4,0,0,1000812,1
37950.049384,4,0,0,1000819,1
37951.907455,4,0,0,1000730,1
37957.358863,4,0,0,1000488,1
37963.898917,4,0,0,1000346,1
37965.798062,4,0,0,1000341,1
37967.278700,4,0,0,1000299,1
37975.271321,4,0,0,1000452,1
37975.271485,4,0,0,1000453,1
37985.060335,4,0,0,1000750,1
37987.509396,4,0,0,1000776,1
37990.814490,4,0,0,1000752,1
38004.009553,4,0,0,1001037,1
38007.706757,4,0,0,1000993,1
38010.746932,4,0,0,1000976,1
38016.483822,4,0,0,1001037,1
38018.992459,4,0,0,1001071,1
38023.232524,4,0,0,1001193,1
38029.621136,4,0,0,1001302,1
38030.312644,4,0,0,1001259,1
38035.911311,4,0,0,1001230,1
38037.716434,4,0,0,1001163,1
38039.248511,4,0,0,1001230,1
38042.235781,4,0,0,1001152,1
38043.292488,4,0,0,1001078,1
38055.867246,4,0,0,1000953,1
38068.066050,4,0,0,1000832,1
38072.947083,4,0,0,1000705,1
38075.080630,4,0,0,1000659,1
38078.222663,4,0,0,1000630,1
38081.716268,4,0,0,1000661,1
38082.033304,4,0,0,1000654,1
38083.032303,4,0,0,1000588,1
38087.571289,4,0,0,1000671,1
38088.898505,4,0,0,1000689,1
38089.393230,4,0,0,1000710,1
38096.256333,4,0,0,1000654,1
38096.981028,4,0,0,1000586,1
38097.362608,4,0,0,1000613,1
38110.220733,4,0,0,1000623,1
38111.892039,4,0,0,1000729,1
38120.157137,4,0,0,1000776,1
38121.363463,4,0,0,1000758,1
38126.510292,4,0,0,1000745,1
38131.625028,4,0,0,1000840,1
38140.789876,4,0,0,1000829,1
38141.258254,4,0,0,1000815,1
38144.892840,4,0,0,1000742,1
38150.810762,4,0,0,1000896,1
38152.375957,4,0,0,1000885,1
38156.339361,4,0,0,1000924,1
38156.938285,4,0,0,1000950,1
38159.467034,4,0,0,1001028,1
38164.100869,4,0,0,1000973,1
38168.199711,4,0,0,1001016,1
38169.038814,4,0,0,1000953,1
38170.019101,4,0,0,1000889,1
38172.640710,4,0,0,1000946,1
38172.864368,4,0,0,1000944,1
38185.775523,4,0,0,1000549,1
38186.045778,4,0,0,1000548,1
38193.737139,4,0,0,1000756,1
38211.746940,4,0,0,1000956,1
38218.253966,4,0,0,1000814,1
38219.707211,4,0,0,1000815,1
38226.406859,4,0,0,1000834,1
38229.283520,4,0,0,1000893,1
38231.205210,4,0,0,1000815,1
38241.063461,4,0,0,1000836,1
38248.911905,4,0,0,1000862,1
38250.507290,4,0,0,1000839,1
38252.052251,4,0,0,1000785,1
38254.869293,4,0,0,1000836,1
38255.453873,4,0,0,1000829,1
38257.696900,4,0,0,1000850,1
38260.949121,4,0,0,1000635,1
38266.364286,4,0,0,1000592,1
38266.698128,4,0,0,1000583,1
38267.534006,4,0,0,1000558,1
38269.813804,4,0,0,1000545,1
38272.841977,4,0,0,1000526,1
38288.046475,4,0,0,1000561,1
38298.655907,4,0,0,1000763,1
38303.404034,4,0,0,1000773,1
38311.293304,4,0,0,1000585,1
38311.377524,4,0,0,1000598,1
38313.880300,4,0,0,1000574,1
38326.372442,4,0,0,1000710,1
38330.590777,4,0,0,1000654,1
38330.853970,4,0,0,1000653,1
38335.613386,4,0,0,1000541,1
38337.743836,4,0,0,1000607,1
38341.165452,4,0,0,1000448,1
38342.596614,4,0,0,1000383,1
38343.312276,4,0,0,1000383,1
38345.477426,4,0,0,1000518,1
38345.969108,4,0,0,1000555,1
38348.303949,4,0,0,1000687,1
38360.900798,4,0,0,1000516,1
38364.718017,4,0,0,1000496,1
38365.888609,4,0,0,1000461,1
38372.312943,4,0,0,1000384,1
38378.667636,4,0,0,1000454,1
38386.308679,4,0,0,1000516,1
38391.771795,4,0,0,1000527,1
38410.232809,4,0,0,1000594,1
38411.160342,4,0,0,1000649,1
38413.726298,4,0,0,1000836,1
38417.000837,4,0,0,1000866,1
38418.087434,4,0,0,1000883,1
38420.395976,4,0,0,1000836,1
38434.034954,4,0,0,1000763,1
38438.209001,4,0,0,1000781,1
38445.712798,4,0,0,1000837,1
38447.300438,4,0,0,1000866,1
38451.941515,4,0,0,1000925,1
38453.173499,4,0,0,1000911,1
38454.346800,4,0,0,1000913,1
38470.898178,4,0,0,1000760,1
38472.578362,4,0,0,1000736,1
38473.801966,4,0,0,1000876,1
38475.372490,4,0,0,1000922,1
38475.504207,4,0,0,1000923,1
38479.512239,4,0,0,1000784,1
38480.364630,4,0,0,1000724,1
38482.866255,4,0,0,1000634,1
38489.266552,4,0,0,1000803,1
38498.770876,4,0,0,1000930,1
38500.008836,4,0,0,1000977,1
38503.462805,4,0,0,1000957,1
38503.863110,4,0,0,1000953,1
38504.510207,4,0,0,1000929,1
38506.813792,4,0,0,1001016,1
38511.898841,4,0,0,1001084,1
38513.616136,4,0,0,1000984,1
38514.040560,4,0,0,1001045,1
38516.767007,4,0,0,1000934,1
38520.138017,4,0,0,1000851,1
38530.221610,4,0,0,1000629,1
38532.062283,4,0,0,1000639,1
38533.906172,4,0,0,1000615,1
38534.221979,4,0,0,1000610,1
38536.712713,4,0,0,1000687,1
38537.684055,4,0,0,1000817,1
38541.848171,4,0,0,1000788,1
38544.724619,4,0,0,1000859,1
38545.872628,4,0,0,1000851,1
38545.953671,4,0,0,1000884,1
38568.793820,4,0,0,1000989,1
38586.681120,4,0,0,1000962,1
38587.296114,4,0,0,1000895,1
38597.298963,4,0,0,1000870,1
38618.646901,4,0,0,1000803,1
38620.027799,4,0,0,1000731,1
38628.747256,4,0,0,1000908,1
38632.276734,4,0,0,1000734,1
38635.836058,4,0,0,1000757,1
38636.278757,4,0,0,1000775,1
38639.172383,4,0,0,1000989,1
38661.849664,4,0,0,1001056,1
38662.531204,4,0,0,1001129,1
38671.837886,4,0,0,1001317,1
38682.055524,4,0,0,1001065,1
38682.483390,4,0,0,1001093,1
38688.509192,4,0,0,1001122,1
38688.562262,4,0,0,1001156,1
38690.743428,4,0,0,1001130,1
38700.637048,4,0,0,1001089,1
38710.959513,4,0,0,1000910,1
38728.345068,4,0,0,1000665,1
38731.267481,4,0,0,1000682,1
38732.848930,4,0,0,1000651,1
38736.244808,4,0,0,1000644,1
38738.960448,4,0,0,1000688,1
38744.181373,4,0,0,1000876,1
38757.360680,4,0,0,1000886,1
38760.206902,4,0,0,1000990,1
38770.353150,4,0,0,1000804,1
38778.352063,4,0,0,1000596,1
38779.365085,4,0,0,1000633,1
38784.533287,4,0,0,1000682,1
38793.505946,4,0,0,1000643,1
38798.560545,4,0,0,1000778,1
38807.112976,4,0,0,1000709,1
38810.047220,4,0,0,1000683,1
38813.121644,4,0,0,1000635,1
38819.944986,4,0,0,1000638,1
38824.419874,4,0,0,1000503,1
38834.069360,4,0,0,1000487,1
38836.824543,4,0,0,1000229,1
38845.576560,4,0,0,1000207,1
38850.407868,4,0,0,1000171,1
38852.137298,4,0,0,1000149,1
38858.164002,4,0,0,1000303,1
38867.324749,4,0,0,1000352,1
38868.960816,4,0,0,1000371,1
38869.866218,4,0,0,1000289,1
38874.145637,4,0,0,1000344,1
38891.271483,4,0,0,1000166,1
38893.947566,4,0,0,1000068,1
38894.353383,4,0,0,1000118,1
38895.273769,4,0,0,1000066,1
38901.734164,4,0,0,1000196,1
38902.101933,4,0,0,1000178,1
38904.603004,4,0,0,1000268,1
38907.395650,4,0,0,1000194,1
38918.938054,4,0,0,1000103,1
38919.209928,4,0,0,1000103,1
38919.365139,4,0,0,1000121,1
38930.627368,4,0,0,999901,1
38933.669417,4,0,0,999769,1
38934.392477,4,0,0,999808,1
38941.553181,4,0,0,999793,1
38943.350168,4,0,0,999697,1
38948.193273,4,0,0,999873,1
38952.313707,4,0,0,1000122,1
38953.282052,4,0,0,1000037,1
38962.601154,4,0,0,999862,1
38965.244873,4,0,0,999944,1
38971.860300,4,0,0,1000053,1
38984.382225,4,0,0,999776,1
38986.204334,4,0,0,999802,1
38994.339925,4,0,0,999816,1
38998.873269,4,0,0,999766,1
39000.276182,4,0,0,999725,1
39006.032900,4,0,0,999751,1
39006.695343,4,0,0,999838,1
39009.205467,4,0,0,999753,1
39009.689487,4,0,0,999762,1
39010.475554,4,0,0,999756,1
39012.207451,4,0,0,999694,1
39018.516692,4,0,0,999676,1
39019.210578,4,0,0,999627,1
39033.565277,4,0,0,999440,1
39035.880695,4,0,0,999523,1
39037.368211,4,0,0,999437,1
39038.641204,4,0,0,999467,1
39040.589727,4,0,0,999513,1
39042.228953,4,0,0,999535,1
39042.817270,4,0,0,999575,1
39043.848633,4,0,0,999572,1
39053.577605,4,0,0,999456,1
39058.434412,4,0,0,999287,1
39059.859147,4,0,0,999245,1
39070.726529,4,0,0,999321,1
39076.563700,4,0,0,999347,1
39078.732606,4,0,0,999505,1
39097.934278,4,0,0,999678,1
39099.385100,4,0,0,999577,1
39102.097577,4,0,0,999593,1
39105.516268,4,0,0,999692,1
39117.158640,4,0,0,999628,1
39120.940231,4,0,0,999582,1
39127.535258,4,0,0,999844,1
39128.138470,4,0,0,999807,1
39137.798364,4,0,0,999939,1
39154.801392,4,0,0,999926,1
39165.275338,4,0,0,1000001,1
39166.388345,4,0,0,1000011,1
39179.682120,4,0,0,1000116,1
39181.486244,4,0,0,1000101,1
39181.749560,4,0,0,1000082,1
39182.013893,4,0,0,1000052,1
39199.567433,4,0,0,999925,1
39202.434612,4,0,0,1000014,1
39214.424274,4,0,0,999925,1
39214.601910,4,0,0,999946,1
39221.381237,4,0,0,999911,1
39222.085250,4,0,0,999874,1
39223.839352,4,0,0,999921,1
39226.685797,4,0,0,999813,1
39235.195451,4,0,0,999754,1
39245.084223,4,0,0,999684,1
39251.079360,4,0,0,999767,1
39252.952306,4,0,0,999834,1
39261.254019,4,0,0,999724,1
39262.404873,4,0,0,999672,1
39266.613493,4,0,0,999733,1
39266.756624,4,0,0,999737,1
39276.831104,4,0,0,999861,1
39281.664428,4,0,0,999706,1
39282.992433,4,0,0,999729,1
39285.096891,4,0,0,999777,1
39288.367457,4,0,0,999685,1
39295.844907,4,0,0,999857,1
39299.038497,4,0,0,999665,1
39304.208009,4,0,0,999627,1
39304.242376,4,0,0,999619,1
39305.744631,4,0,0,999722,1
39311.269656,4,0,0,999778,1
39337.283800,4,0,0,999643,1
39341.097493,4,0,0,999678,1
39342.324507,4,0,0,999789,1
39347.539080,4,0,0,999871,1
39359.057810,4,0,0,999817,1
39366.244211,4,0,0,999963,1
39366.917233,4,0,0,999917,1
39368.969964,4,0,0,999937,1
39371.139205,4,0,0,999939,1
39384.168110,4,0,0,999835,1
39386.493538,4,0,0,999759,1
39389.932810,4,0,0,999678,1
39392.099809,4,0,0,999567,1
39411.259838,4,0,0,999742,1
39412.280130,4,0,0,999678,1
39413.048768,4,0,0,999621,1
39415.065641,4,0,0,999674,1
39415.394450,4,0,0,999677,1
39421.870681,4,0,0,999649,1
39422.231976,4,0,0,999631,1
39430.124490,4,0,0,999485,1
39444.888047,4,0,0,999693,1
39448.403536,4,0,0,999659,1
39457.342889,4,0,0,999768,1
39462.247068,4,0,0,999740,1
39463.922215,4,0,0,999751,1
39471.533361,4,0,0,999735,1
39487.480047,4,0,0,999756,1
39498.016589,4,0,0,999451,1
39499.910689,4,0,0,999488,1
39503.145559,4,0,0,999589,1
39503.335486,4,0,0,999597,1
39509.093161,4,0,0,999546,1
39510.534250,4,0,0,999587,1
39513.036528,4,0,0,999524,1
39515.113129,4,0,0,999493,1
39515.595267,4,0,0,999489,1
39516.126236,4,0,0,999479,1
39522.222627,4,0,0,999588,1
39525.513946,4,0,0,999596,1
39530.584414,4,0,0,999709,1
39534.907152,4,0,0,999906,1
39537.452486,4,0,0,999787,1
39538.099269,4,0,0,999763,1
39539.256938,4,0,0,999730,1
39540.396145,4,0,0,999769,1
39547.647925,4,0,0,999793,1
39556.655240,4,0,0,999694,1
39574.820672,4,0,0,999592,1
39579.378003,4,0,0,999512,1
39583.582698,4,0,0,999549,1
39587.313233,4,0,0,999611,1
39595.766692,4,0,0,999295,1
39604.600011,4,0,0,999397,1
39606.026934,4,0,0,999336,1
39606.762264,4,0,0,999364,1
39620.611128,4,0,0,999187,1
39626.023699,4,0,0,999354,1
39634.608511,4,0,0,999146,1
39642.116714,4,0,0,999249,1
39646.045666,4,0,0,999197,1
39646.100587,4,0,0,999189,1
39647.955427,4,0,0,999257,1
39648.614549,4,0,0,999288,1
39652.172267,4,0,0,999305,1
39656.395051,4,0,0,999261,1
39657.446323,4,0,0,999271,1
39660.948831,4,0,0,999209,1
39667.951574,4,0,0,999257,1
39668.301642,4,0,0,999272,1
39670.318205,4,0,0,999159,1
39672.200828,4,0,0,999226,1
39677.140379,4,0,0,999250,1
39683.529327,4,0,0,999141,1
39685.897725,4,0,0,999218,1
39696.866535,4,0,0,999479,1
39704.796516,4,0,0,999227,1
39705.327583,4,0,0,999222,1
39705.613782,4,0,0,999237,1
39708.043014,4,0,0,999317,1
39708.125445,4,0,0,999309,1
39712.978681,4,0,0,999428,1
39718.038251,4,0,0,999336,1
39725.636384,4,0,0,999298,1
39729.910493,4,0,0,999238,1
39732.558898,4,0,0,999264,1
39734.675477,4,0,0,999312,1
39736.308297,4,0,0,999272,1
39736.460606,4,0,0,999288,1
39736.998200,4,0,0,999266,1
39740.574955,4,0,0,999111,1
39741.659111,4,0,0,999149,1
39743.209390,4,0,0,999115,1
39743.584640,4,0,0,999124,1
39747.587851,4,0,0,999120,1
39751.141266,4,0,0,999068,1
39761.657703,4,0,0,999308,1
39763.772350,4,0,0,999382,1
39768.468160,4,0,0,999256,1
39771.700737,4,0,0,999152,1
39773.520759,4,0,0,999139,1
39787.042983,4,0,0,999218,1
39790.122584,4,0,0,999290,1
39791.595471,4,0,0,999278,1
39799.977509,4,0,0,999368,1
39800.410664,4,0,0,999407,1
39801.427255,4,0,0,999398,1
39813.318084,4,0,0,999562,1
39814.273838,4,0,0,999536,1
39816.823748,4,0,0,999626,1
39826.328859,4,0,0,999634,1
39836.147846,4,0,0,999546,1
39838.389820,4,0,0,999538,1
39842.520175,4,0,0,999555,1
39854.910954,4,0,0,999425,1
39860.320220,4,0,0,999569,1
39863.728581,4,0,0,999488,1
39868.131984,4,0,0,999522,1
39868.205991,4,0,0,999539,1
39868.484903,4,0,0,999564,1
39872.753058,4,0,0,999486,1
39877.526283,4,0,0,999387,1
39881.944500,4,0,0,999483,1
39883.676624,4,0,0,999541,1
39887.512156,4,0,0,999435,1
39890.861692,4,0,0,999358,1
39892.408973,4,0,0,999334,1
39906.487875,4,0,0,999337,1
39906.958638,4,0,0,999284,1
39928.327145,4,0,0,999295,1
39928.459522,4,0,0,999294,1
39929.851913,4,0,0,999316,1
39931.005462,4,0,0,999356,1
39931.630630,4,0,0,999367,1
39933.459802,4,0,0,999279,1
39935.379659,4,0,0,999350,1
39935.687031,4,0,0,999352,1
39940.797721,4,0,0,999395,1
39940.809647,4,0,0,999400,1
39946.099865,4,0,0,999473,1
39961.098327,4,0,0,999451,1
39972.257332,4,0,0,999893,1
39987.402187,4,0,0,999505,1
39989.946168,4,0,0,999387,1
39993.284855,4,0,0,999215,1
40000.103128,4,0,0,999188,1
40002.030805,4,0,0,999135,1
40007.351637,4,0,0,999033,1
40011.826737,4,0,0,999189,1
40013.373275,4,0,0,999201,1
40014.570332,4,0,0,999241,1
40024.628200,4,0,0,999551,1
40026.827828,4,0,0,999548,1
40034.638403,4,0,0,999661,1
40035.213808,4,0,0,999650,1
40036.720665,4,0,0,999709,1
40037.010108,4,0,0,999695,1
40043.452427,4,0,0,999732,1
40044.361070,4,0,0,999801,1
40047.641549,4,0,0,999920,1
40050.565428,4,0,0,999926,1
40053.859786,4,0,0,999970,1
40054.263091,4,0,0,999972,1
40055.757134,4,0,0,1000053,1
40063.985414,4,0,0,1000014,1
40066.478090,4,0,0,1000010,1
40077.635762,4,0,0,1000391,1
40078.446862,4,0,0,1000467,1
40087.198221,4,0,0,1000330,1
40095.991968,4,0,0,1000197,1
40099.919492,4,0,0,1000259,1
40101.540651,4,0,0,1000072,1
40103.107531,4,0,0,999974,1
40105.045209,4,0,0,999869,1
40107.375214,4,0,0,999802,1
40112.567695,4,0,0,999946,1
40114.336659,4,0,0,999980,1
40122.146255,4,0,0,999725,1
40122.608622,4,0,0,999756,1
40134.321956,4,0,0,999529,1
40136.112308,4,0,0,999603,1
40142.367804,4,0,0,999622,1
40145.715138,4,0,0,999559,1
40145.925963,4,0,0,999581,1
40147.571586,4,0,0,999644,1
40152.452797,4,0,0,999556,1
40168.992353,4,0,0,999499,1
40177.145074,4,0,0,999543,1
40205.082827,4,0,0,999943,1
40207.718700,4,0,0,999952,1
40212.253287,4,0,0,1000003,1
40214.000793,4,0,0,1000045,1
40215.389168,4,0,0,1000017,1
40215.461776,4,0,0,1000008,1
40216.589900,4,0,0,999955,1
40219.589969,4,0,0,999883,1
40220.665937,4,0,0,999908,1
40233.696637,4,0,0,1000188,1
40234.696366,4,0,0,1000171,1
40245.603540,4,0,0,1000483,1
40260.804356,4,0,0,1000706,1
40269.090961,4,0,0,1000579,1
40272.950204,4,0,0,1000622,1
40276.606202,4,0,0,1000483,1
40279.102269,4,0,0,1000463,1
40281.282145,4,0,0,1000397,1
40287.238379,4,0,0,1000475,1
40294.072851,4,0,0,1000477,1
40297.924678,4,0,0,1000420,1
40299.355206,4,0,0,1000329,1
40299.518004,4,0,0,1000306,1
40303.157664,4,0,0,1000455,1
40303.601646,4,0,0,1000549,1
40303.785121,4,0,0,1000542,1
40308.095717,4,0,0,1000451,1
40308.470058,4,0,0,1000443,1
40311.283523,4,0,0,1000451,1
40315.738964,4,0,0,1000360,1
40317.071551,4,0,0,1000365,1
40329.056334,4,0,0,1000634,1
40331.680975,4,0,0,1000606,1
40332.289516,4,0,0,1000642,1
40334.172231,4,0,0,1000530,1
40335.918078,4,0,0,1000638,1
40337.759568,4,0,0,1000514,1
40342.535575,4,0,0,1000496,1
40342.976676,4,0,0,1000521,1
40351.223606,4,0,0,1000712,1
40369.089736,4,0,0,1000427,1
40369.346924,4,0,0,1000465,1
40377.881451,4,0,0,1000485,1
40384.812427,4,0,0,1000666,1
40394.232309,4,0,0,1000556,1
40398.756738,4,0,0,1000528,1
40399.156604,4,0,0,1000524,1
40402.098290,4,0,0,1000430,1
40409.459912,4,0,0,1000431,1
40424.127715,4,0,0,1000682,1
40426.586839,4,0,0,1000698,1
40428.230819,4,0,0,1000645,1
40433.786831,4,0,0,1000739,1
40447.406496,4,0,0,1000869,1
40451.178320,4,0,0,1000959,1
40456.066247,4,0,0,1001045,1
40456.709152,4,0,0,1001029,1
40456.747398,4,0,0,1001022,1
40460.994908,4,0,0,1001054,1
40486.722632,4,0,0,1001186,1
40490.237051,4,0,0,1001303,1
40491.685209,4,0,0,1001186,1
40493.768977,4,0,0,1001264,1
40502.358076,4,0,0,1001321,1
40507.643266,4,0,0,1001515,1
40510.546724,4,0,0,1001588,1
40516.451837,4,0,0,1001532,1
40517.749507,4,0,0,1001580,1
40531.687614,4,0,0,1001577,1
40533.588310,4,0,0,1001513,1
40547.284058,4,0,0,1001553,1
40552.230755,4,0,0,1001694,1
40552.700136,4,0,0,1001682,1
40554.867917,4,0,0,1001723,1
40555.016628,4,0,0,1001716,1
40561.514797,4,0,0,1001689,1
40561.825309,4,0,0,1001747,1
40579.710753,4,0,0,1001614,1
40581.725772,4,0,0,1001788,1
40582.983049,4,0,0,1001781,1
40584.844366,4,0,0,1001871,1
40592.706712,4,0,0,1002003,1
40595.009366,4,0,0,1001972,1
40604.405971,4,0,0,1001940,1
40610.493568,4,0,0,1001875,1
40611.625544,4,0,0,1001849,1
40614.027978,4,0,0,1001843,1
40615.160254,4,0,0,1001917,1
40623.512840,4,0,0,1001980,1
40624.758003,4,0,0,1002022,1
40626.312233,4,0,0,1002106,1
40633.000227,4,0,0,1001933,1
40638.343007,4,0,0,1002013,1
40639.311678,4,0,0,1002014,1
40651.589452,4,0,0,1002202,1
40656.090388,4,0,0,1002212,1
40660.136922,4,0,0,1002014,1
40661.355347,4,0,0,1001979,1
40662.454691,4,0,0,1001972,1
40667.810260,4,0,0,1001788,1
40670.313977,4,0,0,1001766,1
40674.133841,4,0,0,1001704,1
40674.863122,4,0,0,1001714,1
40676.927639,4,0,0,1001815,1
40680.862797,4,0,0,1001819,1
40687.206586,4,0,0,1001825,1
40692.825057,4,0,0,1001916,1
40693.361157,4,0,0,1001928,1
40697.231388,4,0,0,1001762,1
40702.400418,4,0,0,1001560,1
40711.238597,4,0,0,1001662,1
40713.428687,4,0,0,1001643,1
40721.306029,4,0,0,1001591,1
40721.307031,4,0,0,1001592,1
40725.383027,4,0,0,1001712,1
40726.185806,4,0,0,1001738,1
40726.438401,4,0,0,1001716,1
40729.728055,4,0,0,1001773,1
40731.375240,4,0,0,1001782,1
40732.870656,4,0,0,1001876,1
40737.242661,4,0,0,1002038,1
40738.798244,4,0,0,1002019,1
40740.844378,4,0,0,1002201,1
40742.896528,4,0,0,1002203,1
40746.692587,4,0,0,1002279,1
40759.957988,4,0,0,1002530,1
40760.432400,4,0,0,1002522,1
40762.227543,4,0,0,1002512,1
40767.839297,4,0,0,1002613,1
40769.433762,4,0,0,1002627,1
40779.040345,4,0,0,1002746,1
40780.570482,4,0,0,1002758,1
40781.447572,4,0,0,1002754,1
40781.999383,4,0,0,1002742,1
40787.638168,4,0,0,1002914,1
40787.902953,4,0,0,1002920,1
40791.417824,4,0,0,1003002,1
40791.439704,4,0,0,1002998,1
40795.201083,4,0,0,1003009,1
40797.091317,4,0,0,1002898,1
40801.694522,4,0,0,1002897,1
40810.510170,4,0,0,1002808,1
40819.194838,4,0,0,1002617,1
40820.544827,4,0,0,1002580,1
40822.283002,4,0,0,1002670,1
40823.078252,4,0,0,1002751,1
40843.856326,4,0,0,1002667,1
40844.439650,4,0,0,1002621,1
40844.689182,4,0,0,1002645,1
40860.429400,4,0,0,1002516,1
40860.791793,4,0,0,1002536,1
40862.265458,4,0,0,1002540,1
40862.513038,4,0,0,1002550,1
40874.779445,4,0,0,1002713,1
40878.280597,4,0,0,1002536,1
40890.510502,4,0,0,1002480,1
40895.551044,4,0,0,1002299,1
40899.681408,4,0,0,1002168,1
40902.181792,4,0,0,1002256,1
40903.640817,4,0,0,1002274,1
40911.199274,4,0,0,1002312,1
40912.450161,4,0,0,1002284,1
40912.794353,4,0,0,1002275,1
40916.782097,4,0,0,1002257,1
40917.756194,4,0,0,1002272,1
40919.279102,4,0,0,1002220,1
40930.030976,4,0,0,1002585,1
40935.979410,4,0,0,1002439,1
40936.491863,4,0,0,1002437,1
40947.663569,4,0,0,1002138,1
40958.991115,4,0,0,1002275,1
40972.267558,4,0,0,1002332,1
40975.907087,4,0,0,1002497,1
40978.158745,4,0,0,1002518,1
40986.940829,4,0,0,1002577,1
40999.923503,4,0,0,1002157,1
41007.797988,4,0,0,1002354,1
41021.466425,4,0,0,1002031,1
41021.896759,4,0,0,1002027,1
41021.973506,4,0,0,1002021,1
41027.389850,4,0,0,1002097,1
41028.483721,4,0,0,1002161,1
41034.035913,4,0,0,1002093,1
41036.130621,4,0,0,1002186,1
41040.537824,4,0,0,1002270,1
41042.037935,4,0,0,1002434,1
41043.052305,4,0,0,1002538,1
41044.283856,4,0,0,1002615,1
41050.256252,4,0,0,1002652,1
41057.403312,4,0,0,1002590,1
41057.625210,4,0,0,1002563,1
41062.222872,4,0,0,1002703,1
41094.037213,4,0,0,1002491,1
41106.251946,4,0,0,1002922,1
41106.614719,4,0,0,1002901,1
41110.918525,4,0,0,1002946,1
41121.856165,4,0,0,1002925,1
41128.161979,4,0,0,1002862,1
41132.570357,4,0,0,1002799,1
41134.423191,4,0,0,1002840,1
41134.956686,4,0,0,1002843,1
41138.879524,4,0,0,1002820,1
41144.533338,4,0,0,1002759,1
41149.226463,4,0,0,1002744,1
41150.955253,4,0,0,1002697,1
41171.032305,4,0,0,1003102,1
41174.171912,4,0,0,1003045,1
41175.831632,4,0,0,1002994,1
41183.935198,4,0,0,1003119,1
41189.384861,4,0,0,1002965,1
41197.291712,4,0,0,1003072,1
41199.166790,4,0,0,1003073,1
41201.205252,4,0,0,1002971,1
41201.879246,4,0,0,1002950,1
41201.910819,4,0,0,1002954,1
41201.968901,4,0,0,1002951,1
41213.132827,4,0,0,1002834,1
41222.918573,4,0,0,1003069,1
41228.304361,4,0,0,1003284,1
41228.777385,4,0,0,1003269,1
41229.847153,4,0,0,1003341,1
41237.056276,4,0,0,1003201,1
41237.083358,4,0,0,1003200,1
41242.292247,4,0,0,1003139,1
41242.376230,4,0,0,1003148,1
41247.814774,4,0,0,1003315,1
41249.259537,4,0,0,1003389,1
41257.149320,4,0,0,1003312,1
41261.310771,4,0,0,1003319,1
41263.033320,4,0,0,1003341,1
41268.680694,4,0,0,1003365,1
41269.143341,4,0,0,1003388,1
41269.404335,4,0,0,1003399,1
41272.000710,4,0,0,1003417,1
41276.891678,4,0,0,1003439,1
41282.669044,4,0,0,1003520,1
41302.238380,4,0,0,1003818,1
41303.317187,4,0,0,1003841,1
41305.248055,4,0,0,1003773,1
41307.166429,4,0,0,1003822,1
41307.646497,4,0,0,1003759,1
41308.592508,4,0,0,1003802,1
41309.458578,4,0,0,1003816,1
41309.575041,4,0,0,1003855,1
41319.755447,4,0,0,1004047,1
41320.865279,4,0,0,1004061,1
41323.131392,4,0,0,1004066,1
41334.516544,4,0,0,1004094,1
41347.826512,4,0,0,1004269,1
41360.458536,4,0,0,1004032,1
41368.182267,4,0,0,1004070,1
41373.016549,4,0,0,1004141,1
41383.583014,4,0,0,1004401,1
41399.323572,4,0,0,1003917,1
41410.366500,4,0,0,1003910,1
41412.838273,4,0,0,1003878,1
41420.623037,4,0,0,1003765,1
41422.610858,4,0,0,1003834,1
41422.857596,4,0,0,1003807,1
41425.956477,4,0,0,1003987,1
41433.809399,4,0,0,1003889,1
41434.369947,4,0,0,1003864,1
41435.096309,4,0,0,1003868,1
41444.691387,4,0,0,1003861,1
41451.157217,4,0,0,1004024,1
41453.044539,4,0,0,1004023,1
41457.546903,4,0,0,1003923,1
41458.159229,4,0,0,1003979,1
41463.431696,4,0,0,1004048,1
41469.535860,4,0,0,1003990,1
41482.054075,4,0,0,1003853,1
41482.815795,4,0,0,1003831,1
41484.141504,4,0,0,1003833,1
41485.749734,4,0,0,1003943,1
41492.273425,4,0,0,1003850,1
41498.897943,4,0,0,1004012,1
41504.938343,4,0,0,1004051,1
41505.142724,4,0,0,1004075,1
41506.968534,4,0,0,1004085,1
41508.453149,4,0,0,1004146,1
41510.867314,4,0,0,1004153,1
41511.036490,4,0,0,1004139,1
41514.187913,4,0,0,1004179,1
41515.430397,4,0,0,1004186,1
41528.888034,4,0,0,1004188,1
41529.110958,4,0,0,1004151,1
41548.496517,4,0,0,1004349,1
41551.316643,4,0,0,1004446,1
41556.182092,4,0,0,1004552,1
41567.768299,4,0,0,1004478,1
41572.762533,4,0,0,1004352,1
41574.451291,4,0,0,1004281,1
41592.249964,4,0,0,1004145,1
41596.699784,4,0,0,1004157,1
41602.709963,4,0,0,1003967,1
41610.880830,4,0,0,1003932,1
41615.215145,4,0,0,1003873,1
41618.447113,4,0,0,1004071,1
41629.008750,4,0,0,1004162,1
41629.979312,4,0,0,1004215,1
41632.797342,4,0,0,1004162,1
41635.446399,4,0,0,1004256,1
41638.492604,4,0,0,1004393,1
41640.262934,4,0,0,1004397,1
41641.597406,4,0,0,1004501,1
41643.184442,4,0,0,1004551,1
41646.829952,4,0,0,1004643,1
41654.550092,4,0,0,1004647,1
41659.926653,4,0,0,1004759,1
41663.910623,4,0,0,1004840,1
41676.912467,4,0,0,1004815,1
41679.780703,4,0,0,1004818,1
41689.755200,4,0,0,1004609,1
41692.034074,4,0,0,1004639,1
41697.357285,4,0,0,1004645,1
41697.743496,4,0,0,1004677,1
41702.558004,4,0,0,1004663,1
41707.582423,4,0,0,1004542,1
41713.373884,4,0,0,1004650,1
41731.474153,4,0,0,1004527,1
41740.904275,4,0,0,1004512,1
41741.485815,4,0,0,1004585,1
41759.316289,4,0,0,1004420,1
41762.852406,4,0,0,1004313,1
41771.256074,4,0,0,1003970,1
41774.697452,4,0,0,1003976,1
41788.335334,4,0,0,1004098,1
41797.824893,4,0,0,1003976,1
41821.574159,4,0,0,1003363,1
41826.119841,4,0,0,1003434,1
41827.435539,4,0,0,1003419,1
41847.107961,4,0,0,1003708,1
41849.269004,4,0,0,1003673,1
41849.438349,4,0,0,1003696,1
41853.195971,4,0,0,1003688,1
41857.108129,4,0,0,1003570,1
41858.702819,4,0,0,1003599,1
41860.252233,4,0,0,1003583,1
41863.109942,4,0,0,1003579,1
41866.517470,4,0,0,1003590,1
41867.089213,4,0,0,1003616,1
41885.831975,4,0,0,1003836,1
41888.256585,4,0,0,1003729,1
41890.667789,4,0,0,1003756,1
41896.860852,4,0,0,1003688,1
41898.766385,4,0,0,1003693,1
41900.566424,4,0,0,1003684,1
41904.348483,4,0,0,1003659,1
41906.012564,4,0,0,1003644,1
41910.783218,4,0,0,1003549,1
41914.397983,4,0,0,1003394,1
41924.310424,4,0,0,1003451,1
41931.410015,4,0,0,1003489,1
41933.026826,4,0,0,1003470,1
41934.555423,4,0,0,1003547,1
41941.122389,4,0,0,1003456,1
41947.398042,4,0,0,1003246,1
41947.825568,4,0,0,1003282,1
41951.281138,4,0,0,1003291,1
41959.280546,4,0,0,1003241,1
41968.549720,4,0,0,1003305,1
41975.229526,4,0,0,1003349,1
41976.086286,4,0,0,1003353,1
41977.470641,4,0,0,1003262,1
41979.131320,4,0,0,1003290,1
41980.559255,4,0,0,1003258,1
41981.524474,4,0,0,1003287,1
41994.219408,4,0,0,1003139,1
41994.407007,4,0,0,1003134,1
42002.870568,4,0,0,1002950,1
42003.349506,4,0,0,1002903,1
42013.485352,4,0,0,1003066,1
42020.413821,4,0,0,1002889,1
42024.600149,4,0,0,1002831,1
42030.493021,4,0,0,1002816,1
42033.432970,4,0,0,1002929,1
42035.142895,4,0,0,1002963,1
42041.373044,4,0,0,1003009,1
42042.641011,4,0,0,1002978,1
42046.686373,4,0,0,1002755,1
42058.126783,4,0,0,1002761,1
42070.056872,4,0,0,1002561,1
42070.682528,4,0,0,1002577,1
42072.969282,4,0,0,1002519,1
42073.963486,4,0,0,1002513,1
42086.748643,4,0,0,1002803,1
42089.749197,4,0,0,1002793,1
42104.735769,4,0,0,1002843,1
42106.227516,4,0,0,1002818,1
42108.725024,4,0,0,1002884,1
42113.882458,4,0,0,1002691,1
42116.152390,4,0,0,1002704,1
42148.421367,4,0,0,1002645,1
42149.786593,4,0,0,1002616,1
42153.023570,4,0,0,1002773,1
42157.023299,4,0,0,1002793,1
42159.390781,4,0,0,1002761,1
42159.988431,4,0,0,1002693,1
42160.462967,4,0,0,1002709,1
42164.042045,4,0,0,1002670,1
42164.068935,4,0,0,1002673,1
42164.071689,4,0,0,1002673,1
42171.481230,4,0,0,1002769,1
42174.920383,4,0,0,1002773,1
42184.443139,4,0,0,1002770,1
42186.474057,4,0,0,1002756,1
42198.073229,4,0,0,1002776,1
42209.726277,4,0,0,1003094,1
42214.004348,4,0,0,1003168,1
42216.497384,4,0,0,1003170,1
42219.592172,4,0,0,1003201,1
42221.250212,4,0,0,1003167,1
42227.902095,4,0,0,1003346,1
42232.873877,4,0,0,1003289,1
42237.552006,4,0,0,1003243,1
42239.837987,4,0,0,1003207,1
42248.079202,4,0,0,1002955,1
42251.579254,4,0,0,1002913,1
42253.610072,4,0,0,1002873,1
42254.167080,4,0,0,1002837,1
42254.897223,4,0,0,1002810,1
42257.837967,4,0,0,1002812,1
42266.616114,4,0,0,1002859,1
42269.795617,4,0,0,1002798,1
42270.264626,4,0,0,1002787,1
42274.415370,4,0,0,1002675,1
42281.107479,4,0,0,1002566,1
42288.774794,4,0,0,1002436,1
42294.984670,4,0,0,1002429,1
42302.097156,4,0,0,1002458,1
42302.790118,4,0,0,1002451,1
42304.453923,4,0,0,1002403,1
42315.288627,4,0,0,1002225,1
42321.854227,4,0,0,1002393,1
42324.202015,4,0,0,1002390,1
42328.238153,4,0,0,1002395,1
42332.785960,4,0,0,1002355,1
42341.805957,4,0,0,1002491,1
42346.122877,4,0,0,1002466,1
42351.691964,4,0,0,1002681,1
42360.853026,4,0,0,1002588,1
42374.319985,4,0,0,1002467,1
42383.214817,4,0,0,1002751,1
42384.916018,4,0,0,1002758,1
42385.428105,4,0,0,1002726,1
42388.529101,4,0,0,1002638,1
42397.090190,4,0,0,1002515,1
42400.881403,4,0,0,1002538,1
42410.915718,4,0,0,1002711,1
42412.307584,4,0,0,1002791,1
42413.706091,4,0,0,1002855,1
42414.177574,4,0,0,1002914,1
42415.978946,4,0,0,1002908,1
42415.984826,4,0,0,1002912,1
42418.879566,4,0,0,1002880,1
42423.805167,4,0,0,1002865,1
42427.058959,4,0,0,1002906,1
42431.601119,4,0,0,1002744,1
42436.649888,4,0,0,1002792,1
42442.651587,4,0,0,1002726,1
42444.199403,4,0,0,1002691,1
42444.622840,4,0,0,1002689,1
42445.742100,4,0,0,1002687,1
42446.655058,4,0,0,1002621,1
42446.975996,4,0,0,1002580,1
42463.268641,4,0,0,1002691,1
42464.238196,4,0,0,1002715,1
42464.282067,4,0,0,1002703,1
42472.269965,4,0,0,1002495,1
42475.398583,4,0,0,1002668,1
42475.524083,4,0,0,1002642,1
42483.536059,4,0,0,1002644,1
42493.073715,4,0,0,1002777,1
42498.798920,4,0,0,1002905,1
42500.896531,4,0,0,1003039,1
42505.817049,4,0,0,1003127,1
42509.137463,4,0,0,1003137,1
42523.088046,4,0,0,1002906,1
42526.704738,4,0,0,1002963,1
42536.713368,4,0,0,1003014,1
42539.544910,4,0,0,1002980,1
42541.528454,4,0,0,1002986,1
42543.047413,4,0,0,1003002,1
42543.170724,4,0,0,1003027,1
42544.365686,4,0,0,1002981,1
42561.351554,4,0,0,1003259,1
42562.671493,4,0,0,1003182,1
42565.791894,4,0,0,1003258,1
42566.285659,4,0,0,1003216,1
42568.123039,4,0,0,1003110,1
42575.849795,4,0,0,1003233,1
42579.631758,4,0,0,1003222,1
42589.891292,4,0,0,1003210,1
42598.115375,4,0,0,1003064,1
42603.501988,4,0,0,1003088,1
42613.829883,4,0,0,1003040,1
42635.880367,4,0,0,1002568,1
42637.131938,4,0,0,1002477,1
42639.750864,4,0,0,1002479,1
42642.404036,4,0,0,1002606,1
42644.313678,4,0,0,1002706,1
42655.704365,4,0,0,1002573,1
42665.197746,4,0,0,1002798,1
42667.120239,4,0,0,1002842,1
42672.071917,4,0,0,1002707,1
42679.631388,4,0,0,1002482,1
42688.627273,4,0,0,1002296,1
42702.765174,4,0,0,1002105,1
42721.918596,4,0,0,1002149,1
42723.769619,4,0,0,1002244,1
42729.763673,4,0,0,1002461,1
42730.779542,4,0,0,1002508,1
42737.990712,4,0,0,1002430,1
42741.539634,4,0,0,1002414,1
42755.703550,4,0,0,1002296,1
42763.212366,4,0,0,1002481,1
42766.037707,4,0,0,1002534,1
42772.974559,4,0,0,1002561,1
42776.294456,4,0,0,1002575,1
42780.684389,4,0,0,1002630,1
42787.023896,4,0,0,1002794,1
42791.819217,4,0,0,1002845,1
42803.041191,4,0,0,1002540,1
42803.805047,4,0,0,1002580,1
42805.197932,4,0,0,1002599,1
42805.584462,4,0,0,1002602,1
42810.047401,4,0,0,1002664,1
42820.965539,4,0,0,1002412,1
42825.359263,4,0,0,1002334,1
42837.184674,4,0,0,1002272,1
42837.348384,4,0,0,1002268,1
42839.481183,4,0,0,1002428,1
42843.288952,4,0,0,1002492,1
42850.697386,4,0,0,1002508,1
42880.781007,4,0,0,1002729,1
42880.854492,4,0,0,1002721,1
42882.460255,4,0,0,1002626,1
42890.288774,4,0,0,1002896,1
42891.611091,4,0,0,1002849,1
42895.113634,4,0,0,1002792,1
42895.324219,4,0,0,1002835,1
42898.614762,4,0,0,1002805,1
42900.815911,4,0,0,1002811,1
42902.093261,4,0,0,1002939,1
42910.833046,4,0,0,1002684,1
42911.205394,4,0,0,1002681,1
42915.704555,4,0,0,1002694,1
42919.895300,4,0,0,1002565,1
42920.841772,4,0,0,1002540,1
42923.297108,4,0,0,1002510,1
42925.030579,4,0,0,1002501,1
42932.525057,4,0,0,1002591,1
42936.240918,4,0,0,1002569,1
42950.114250,4,0,0,1002332,1
42959.326492,4,0,0,1002189,1
42964.425930,4,0,0,1002275,1
42967.422681,4,0,0,1002271,1
42969.159325,4,0,0,1002211,1
42971.550543,4,0,0,1002245,1
42973.736070,4,0,0,1002273,1
42986.181588,4,0,0,1002009,1
42998.045474,4,0,0,1002127,1
43002.322117,4,0,0,1001918,1
43011.403888,4,0,0,1001853,1
43028.520829,4,0,0,1001551,1
43039.331418,4,0,0,1001783,1
43039.797970,4,0,0,1001833,1
43045.794420,4,0,0,1001759,1
43047.260417,4,0,0,1001795,1
43047.653855,4,0,0,1001758,1
43048.225672,4,0,0,1001688,1
43052.974476,4,0,0,1001708,1
43055.841859,4,0,0,1001719,1
43060.100882,4,0,0,1001820,1
43061.661864,4,0,0,1001730,1
43064.903704,4,0,0,1001729,1
43069.853325,4,0,0,1001663,1
43080.503131,4,0,0,1001885,1
43084.182089,4,0,0,1001757,1
43090.462723,4,0,0,1001776,1
43092.756005,4,0,0,1001819,1
43096.263057,4,0,0,1001905,1
43098.617389,4,0,0,1001947,1
43102.847284,4,0,0,1001877,1
43103.066724,4,0,0,1001857,1
43105.315488,4,0,0,1001903,1
43112.484904,4,0,0,1002082,1
43117.426865,4,0,0,1001879,1
43124.594708,4,0,0,1001929,1
43126.808631,4,0,0,1001996,1
43130.828564,4,0,0,1002054,1
43134.340722,4,0,0,1002013,1
43134.927950,4,0,0,1002055,1
43145.431682,4,0,0,1001912,1
43149.356431,4,0,0,1001723,1
43153.603765,4,0,0,1001706,1
43154.153170,4,0,0,1001712,1
43160.710061,4,0,0,1001779,1
43166.056083,4,0,0,1001816,1
43168.082641,4,0,0,1001792,1
43172.349233,4,0,0,1001708,1
43175.399739,4,0,0,1001710,1
43181.457005,4,0,0,1001915,1
43182.182251,4,0,0,1001879,1
43182.404270,4,0,0,1001850,1
43184.758854,4,0,0,1001952,1
43192.328116,4,0,0,1001744,1
43193.422915,4,0,0,1001772,1
43193.571982,4,0,0,1001779,1
43198.590498,4,0,0,1001742,1
43200.837268,4,0,0,1001623,1
43201.091537,4,0,0,1001593,1
43206.562172,4,0,0,1001669,1
43209.238310,4,0,0,1001695,1
43210.304170,4,0,0,1001659,1
43211.720411,4,0,0,1001623,1
43219.144482,4,0,0,1001628,1
43219.191426,4,0,0,1001622,1
43219.291606,4,0,0,1001626,1
43220.298836,4,0,0,1001660,1
43225.479246,4,0,0,1001695,1
43246.958376,4,0,0,1001666,1
43248.513252,4,0,0,1001672,1
43253.518634,4,0,0,1001473,1
43256.938840,4,0,0,1001742,1
43269.820411,4,0,0,1001722,1
43272.297718,4,0,0,1001782,1
43273.579252,4,0,0,1001817,1
43275.282707,4,0,0,1001795,1
43287.439167,4,0,0,1001652,1
43293.645597,4,0,0,1001791,1
43296.035103,4,0,0,1001752,1
43298.930994,4,0,0,1001854,1
43304.604965,4,0,0,1001740,1
43306.736028,4,0,0,1001818,1
43312.329957,4,0,0,1001694,1
43312.626591,4,0,0,1001683,1
43314.741812,4,0,0,1001773,1
43324.429374,4,0,0,1001786,1
43325.175948,4,0,0,1001790,1
43331.735608,4,0,0,1001670,1
43336.216255,4,0,0,1001538,1
43336.562244,4,0,0,1001554,1
43343.871226,4,0,0,1001613,1
43355.847906,4,0,0,1001626,1
43356.791366,4,0,0,1001652,1
43359.032328,4,0,0,1001721,1
43366.479288,4,0,0,1001708,1
43383.765290,4,0,0,1001701,1
43388.181693,4,0,0,1001782,1
43400.295696,4,0,0,1001708,1
43404.959337,4,0,0,1001909,1
43406.114369,4,0,0,1001937,1
43406.171888,4,0,0,1001954,1
43419.625728,4,0,0,1001917,1
43419.934273,4,0,0,1001891,1
43426.200765,4,0,0,1002122,1
43437.871274,4,0,0,1001895,1
43449.917382,4,0,0,1001738,1
43454.679562,4,0,0,1001708,1
43459.567729,4,0,0,1001813,1
43459.633016,4,0,0,1001821,1
43473.342623,4,0,0,1001641,1
43474.240703,4,0,0,1001676,1
43478.531955,4,0,0,1001774,1
43485.777427,4,0,0,1001871,1
43491.630096,4,0,0,1001824,1
43492.824851,4,0,0,1001759,1
43496.977071,4,0,0,1001913,1
43498.949835,4,0,0,1001875,1
43512.477929,4,0,0,1001810,1
43521.565959,4,0,0,1001799,1
43521.766581,4,0,0,1001833,1
43529.459257,4,0,0,1001907,1
43550.519327,4,0,0,1002039,1
43550.922243,4,0,0,1002061,1
43555.684814,4,0,0,1001992,1
43559.164668,4,0,0,1002146,1
43563.242584,4,0,0,1002197,1
43571.614774,4,0,0,1002142,1
43586.441244,4,0,0,1002241,1
43592.076422,4,0,0,1002087,1
43593.765010,4,0,0,1002084,1
43598.876789,4,0,0,1002170,1
43599.483669,4,0,0,1002180,1
43599.513200,4,0,0,1002190,1
43610.415879,4,0,0,1002003,1
43615.855381,4,0,0,1001934,1
43618.711444,4,0,0,1001936,1
43622.365880,4,0,0,1001863,1
43622.456131,4,0,0,1001857,1
43625.607223,4,0,0,1001791,1
43632.476138,4,0,0,1001924,1
43634.111118,4,0,0,1001876,1
43638.650882,4,0,0,1001769,1
43641.422823,4,0,0,1001745,1
43642.599965,4,0,0,1001813,1
43643.762985,4,0,0,1001823,1
43646.150203,4,0,0,1001957,1
43666.841645,4,0,0,1002109,1
43667.258431,4,0,0,1002192,1
43667.382748,4,0,0,1002186,1
43670.699866,4,0,0,1002151,1
43679.056941,4,0,0,1002307,1
43703.081845,4,0,0,1002093,1
43704.728481,4,0,0,1002094,1
43710.546598,4,0,0,1002047,1
43712.746620,4,0,0,1002047,1
43714.112230,4,0,0,1002031,1
43723.230148,4,0,0,1002006,1
43724.740097,4,0,0,1001955,1
43725.574457,4,0,0,1001973,1
43731.882117,4,0,0,1002084,1
43735.240108,4,0,0,1002118,1
43741.983402,4,0,0,1002262,1
43744.105738,4,0,0,1002234,1
43753.154849,4,0,0,1002352,1
43757.713283,4,0,0,1002448,1
43767.867786,4,0,0,1002306,1
43771.805606,4,0,0,1002234,1
43772.107589,4,0,0,1002167,1
43776.190459,4,0,0,1002186,1
43781.102295,4,0,0,1002180,1
43795.339107,4,0,0,1001955,1
43796.561042,4,0,0,1001991,1
43799.961666,4,0,0,1002022,1
43800.251156,4,0,0,1002045,1
43806.761623,4,0,0,1002154,1
43812.838681,4,0,0,1002091,1
43818.231589,4,0,0,1001973,1
43820.395808,4,0,0,1001913,1
43829.481988,4,0,0,1001848,1
43831.237486,4,0,0,1001973,1
43832.957983,4,0,0,1001835,1
43837.398954,4,0,0,1001827,1
43837.679106,4,0,0,1001807,1
43840.636008,4,0,0,1001614,1
43841.874340,4,0,0,1001628,1
43846.630877,4,0,0,1001613,1
43849.644966,4,0,0,1001531,1
43857.311719,4,0,0,1001554,1
43862.524033,4,0,0,1001410,1
43869.854988,4,0,0,1001598,1
43871.915885,4,0,0,1001635,1
43875.353908,4,0,0,1001678,1
43882.291591,4,0,0,1001631,1
43886.374352,4,0,0,1001494,1
43891.659371,4,0,0,1001280,1
43895.247730,4,0,0,1001425,1
43905.747816,4,0,0,1001661,1
43911.674200,4,0,0,1001766,1
43918.259921,4,0,0,1001728,1
43926.519322,4,0,0,1001799,1
43927.127293,4,0,0,1001781,1
43931.506790,4,0,0,1001714,1
43932.552514,4,0,0,1001657,1
43942.753973,4,0,0,1001941,1
43946.375887,4,0,0,1001963,1
43946.741876,4,0,0,1001953,1
43956.048092,4,0,0,1002042,1
43956.670957,4,0,0,1002038,1
43959.696591,4,0,0,1002079,1
43961.522268,4,0,0,1002162,1
43969.962316,4,0,0,1002290,1
43975.675955,4,0,0,1002378,1
43978.937853,4,0,0,1002340,1
43980.191991,4,0,0,1002328,1
43982.081985,4,0,0,1002266,1
43982.896042,4,0,0,1002308,1
43982.989793,4,0,0,1002314,1
43986.348038,4,0,0,1002351,1
43988.577541,4,0,0,1002356,1
43989.739426,4,0,0,1002431,1
43996.529961,4,0,0,1002342,1
44021.238784,4,0,0,1002689,1
44025.953219,4,0,0,1002851,1
44029.507046,4,0,0,1002690,1
44032.018409,4,0,0,1002789,1
44040.023877,4,0,0,1002785,1
44042.802301,4,0,0,1002707,1
44051.083513,4,0,0,1002750,1
44053.238309,4,0,0,1002856,1
44054.001480,4,0,0,1002813,1
44057.111375,4,0,0,1002940,1
44058.643211,4,0,0,1002981,1
44070.028185,4,0,0,1002802,1
44087.492503,4,0,0,1003228,1
44089.532905,4,0,0,1003216,1
44096.813866,4,0,0,1003373,1
44102.370645,4,0,0,1003417,1
44106.483075,4,0,0,1003359,1
44107.578066,4,0,0,1003333,1
44111.528448,4,0,0,1003391,1
44111.716838,4,0,0,1003383,1
44112.002051,4,0,0,1003363,1
44113.624181,4,0,0,1003255,1
44114.140734,4,0,0,1003277,1
44116.554897,4,0,0,1003152,1
44120.425533,4,0,0,1003310,1
44121.843371,4,0,0,1003343,1
44122.172639,4,0,0,1003320,1
44130.093403,4,0,0,1003698,1
44130.944402,4,0,0,1003798,1
44139.729318,4,0,0,1004056,1
44141.800204,4,0,0,1004126,1
44148.660880,4,0,0,1004170,1
44153.057729,4,0,0,1004109,1
44155.074065,4,0,0,1004176,1
44155.243404,4,0,0,1004186,1
44160.021914,4,0,0,1004154,1
44160.853037,4,0,0,1004165,1
44173.420325,4,0,0,1003940,1
44180.897377,4,0,0,1003928,1
44190.358096,4,0,0,1004077,1
44191.580490,4,0,0,1004151,1
44195.037851,4,0,0,1004114,1
44195.852212,4,0,0,1004096,1
44203.140049,4,0,0,1004136,1
44204.107664,4,0,0,1004095,1
44210.216293,4,0,0,1004000,1
44211.141717,4,0,0,1004011,1
44213.897349,4,0,0,1004050,1
44218.833523,4,0,0,1004098,1
44220.580897,4,0,0,1004144,1
44222.916894,4,0,0,1004120,1
44224.175956,4,0,0,1004181,1
44232.469215,4,0,0,1004093,1
44235.484139,4,0,0,1003844,1
44242.263762,4,0,0,1003823,1
44252.062427,4,0,0,1003781,1
44254.270404,4,0,0,1003745,1
44257.285358,4,0,0,1003767,1
44284.835161,4,0,0,1004120,1
44292.091817,4,0,0,1004251,1
44292.854664,4,0,0,1004254,1
44296.228224,4,0,0,1004392,1
44296.897815,4,0,0,1004380,1
44302.481188,4,0,0,1004331,1
44309.344931,4,0,0,1004463,1
44312.462467,4,0,0,1004570,1
44325.681565,4,0,0,1004766,1
44327.230307,4,0,0,1004740,1
44336.683912,4,0,0,1004809,1
44338.535150,4,0,0,1004792,1
44342.083438,4,0,0,1004822,1
44343.547733,4,0,0,1004874,1
44343.961613,4,0,0,1004887,1
44345.675275,4,0,0,1004908,1
44349.229613,4,0,0,1004938,1
44355.523828,4,0,0,1004823,1
44357.134940,4,0,0,1004806,1
44359.981059,4,0,0,1004907,1
44360.740914,4,0,0,1004871,1
44361.126205,4,0,0,1004898,1
44362.136779,4,0,0,1004826,1
44370.665989,4,0,0,1004787,1
44372.473794,4,0,0,1004651,1
44385.369353,4,0,0,1004447,1
44388.893101,4,0,0,1004407,1
44402.577769,4,0,0,1004447,1
44402.645883,4,0,0,1004455,1
44405.130020,4,0,0,1004550,1
44405.394047,4,0,0,1004565,1
44412.771400,4,0,0,1004685,1
44418.713721,4,0,0,1004560,1
44422.137023,4,0,0,1004416,1
44425.563958,4,0,0,1004362,1
44439.043486,4,0,0,1004475,1
44439.674101,4,0,0,1004438,1
44446.325252,4,0,0,1004350,1
44448.766461,4,0,0,1004342,1
44455.851129,4,0,0,1004140,1
44456.723075,4,0,0,1004245,1
44457.763326,4,0,0,1004297,1
44480.435411,4,0,0,1004187,1
44490.502388,4,0,0,1004366,1
44493.320205,4,0,0,1004299,1
44494.948566,4,0,0,1004421,1
44495.934073,4,0,0,1004484,1
44497.772827,4,0,0,1004512,1
44501.213962,4,0,0,1004532,1
44501.439788,4,0,0,1004478,1
44501.959799,4,0,0,1004440,1
44507.272201,4,0,0,1004496,1
44508.088689,4,0,0,1004510,1
44510.518445,4,0,0,1004633,1
44511.918462,4,0,0,1004582,1
44513.492277,4,0,0,1004580,1
44528.971912,4,0,0,1004545,1
44530.813872,4,0,0,1004587,1
44531.219084,4,0,0,1004606,1
44533.666261,4,0,0,1004493,1
44539.155255,4,0,0,1004513,1
44541.150326,4,0,0,1004527,1
44547.694925,4,0,0,1004605,1
44548.016201,4,0,0,1004582,1
44557.450082,4,0,0,1004501,1
44559.412216,4,0,0,1004518,1
44565.401887,4,0,0,1004470,1
44568.421853,4,0,0,1004488,1
44569.520787,4,0,0,1004465,1
44570.756121,4,0,0,1004521,1
44570.954722,4,0,0,1004510,1
44580.410803,4,0,0,1004710,1
44583.829503,4,0,0,1004703,1
44589.688683,4,0,0,1004690,1
44601.173725,4,0,0,1004778,1
44611.935509,4,0,0,1004745,1
44613.386007,4,0,0,1004727,1
44615.023251,4,0,0,1004744,1
44615.337308,4,0,0,1004819,1
44615.608538,4,0,0,1004879,1
44619.971970,4,0,0,1004824,1
44620.482826,4,0,0,1004800,1
44626.032003,4,0,0,1004953,1
44631.040256,4,0,0,1005019,1
44636.099686,4,0,0,1005117,1
44640.447042,4,0,0,1005293,1
44651.054667,4,0,0,1005199,1
44652.017313,4,0,0,1005140,1
44662.274819,4,0,0,1004899,1
44665.262014,4,0,0,1004827,1
44667.179009,4,0,0,1004838,1
44667.430920,4,0,0,1004845,1
44668.776130,4,0,0,1004896,1
44672.851046,4,0,0,1004933,1
44673.592529,4,0,0,1004968,1
44680.515000,4,0,0,1004894,1
44683.402918,4,0,0,1004818,1
44683.612867,4,0,0,1004802,1
44684.625436,4,0,0,1004801,1
44687.820026,4,0,0,1004889,1
44693.811675,4,0,0,1004887,1
44710.416387,4,0,0,1005242,1
44714.705438,4,0,0,1005373,1
44716.025902,4,0,0,1005367,1
44717.002166,4,0,0,1005388,1
44721.804351,4,0,0,1005456,1
44728.491958,4,0,0,1005548,1
44728.700600,4,0,0,1005577,1
44732.932972,4,0,0,1005521,1
44735.642298,4,0,0,1005532,1
44738.934778,4,0,0,1005281,1
44740.038624,4,0,0,1005265,1
44757.041451,4,0,0,1005417,1
44767.743613,4,0,0,1005363,1
44774.344651,4,0,0,1005428,1
44780.062781,4,0,0,1005437,1
44784.117654,4,0,0,1005361,1
44789.390071,4,0,0,1005494,1
44790.244681,4,0,0,1005537,1
44793.819876,4,0,0,1005591,1
44799.710077,4,0,0,1005440,1
44810.552228,4,0,0,1005489,1
44811.126357,4,0,0,1005520,1
44811.609768,4,0,0,1005499,1
44815.891985,4,0,0,1005443,1
44816.041814,4,0,0,1005427,1
44823.434404,4,0,0,1005520,1
44827.260919,4,0,0,1005463,1
44833.460841,4,0,0,1005450,1
44835.566718,4,0,0,1005630,1
44840.478620,4,0,0,1005753,1
44842.033165,4,0,0,1005793,1
44844.091296,4,0,0,1005941,1
44846.414076,4,0,0,1006039,1
44853.322079,4,0,0,1005967,1
44872.128191,4,0,0,1006105,1
44874.913280,4,0,0,1005960,1
44886.254685,4,0,0,1005868,1
44886.675406,4,0,0,1005862,1
44887.584512,4,0,0,1005908,1
44888.184092,4,0,0,1005845,1
44891.215763,4,0,0,1005819,1
44891.685989,4,0,0,1005838,1
44898.543445,4,0,0,1005831,1
44901.347968,4,0,0,1005908,1
44904.038675,4,0,0,1005856,1
44911.142083,4,0,0,1005684,1
44914.467213,4,0,0,1005714,1
44916.714462,4,0,0,1005717,1
44922.793564,4,0,0,1005775,1
44927.262727,4,0,0,1005540,1
44933.881479,4,0,0,1005670,1
44936.026143,4,0,0,1005730,1
44938.451916,4,0,0,1005635,1
44950.487305,4,0,0,1005687,1
44950.611970,4,0,0,1005657,1
44952.592149,4,0,0,1005723,1
44954.343971,4,0,0,1005722,1
44964.755869,4,0,0,1005370,1
44965.625694,4,0,0,1005449,1
44973.478179,4,0,0,1005795,1
44977.092359,4,0,0,1005717,1
44981.337423,4,0,0,1005592,1
44986.585429,4,0,0,1005667,1
44995.028657,4,0,0,1005534,1
45008.159521,4,0,0,1005445,1
45009.939307,4,0,0,1005344,1
45009.971752,4,0,0,1005342,1
45012.122994,4,0,0,1005359,1
45012.470089,4,0,0,1005346,1
45019.261653,4,0,0,1005221,1
45021.460096,4,0,0,1005391,1
45026.143667,4,0,0,1005503,1
45039.094729,4,0,0,1005209,1
45053.486500,4,0,0,1004979,1
45058.165931,4,0,0,1004863,1
45062.593668,4,0,0,1005008,1
45070.224634,4,0,0,1005061,1
45079.069926,4,0,0,1005129,1
45091.058856,4,0,0,1005284,1
45095.161648,4,0,0,1005293,1
45097.163137,4,0,0,1005407,1
45101.839786,4,0,0,1005396,1
45118.582353,4,0,0,1005479,1
45120.048447,4,0,0,1005569,1
45124.263330,4,0,0,1005337,1
45126.019406,4,0,0,1005401,1
45126.702739,4,0,0,1005427,1
45143.160543,4,0,0,1005367,1
45156.417351,4,0,0,1005334,1
45161.433160,4,0,0,1005357,1
45164.594582,4,0,0,1005306,1
45168.558687,4,0,0,1005449,1
45182.547436,4,0,0,1005458,1
45183.927663,4,0,0,1005541,1
45191.780121,4,0,0,1005336,1
45196.026724,4,0,0,1005363,1
45198.711833,4,0,0,1005393,1
45200.228316,4,0,0,1005485,1
45201.257368,4,0,0,1005419,1
45209.201773,4,0,0,1005462,1
45209.709243,4,0,0,1005481,1
45212.680793,4,0,0,1005483,1
45218.467902,4,0,0,1005351,1
45223.353068,4,0,0,1005500,1
45226.709368,4,0,0,1005553,1
45229.869819,4,0,0,1005506,1
45231.360343,4,0,0,1005464,1
45232.251276,4,0,0,1005466,1
45235.821023,4,0,0,1005500,1
45236.185762,4,0,0,1005478,1
45246.588125,4,0,0,1005459,1
45247.765548,4,0,0,1005459,1
45248.538945,4,0,0,1005328,1
45261.878895,4,0,0,1005238,1
45264.298730,4,0,0,1005298,1
45265.279261,4,0,0,1005308,1
45268.045224,4,0,0,1005180,1
45273.880480,4,0,0,1005119,1
45275.095511,4,0,0,1005196,1
45275.594795,4,0,0,1005178,1
45278.606592,4,0,0,1005282,1
45286.200626,4,0,0,1005377,1
45295.470112,4,0,0,1005503,1
45299.779513,4,0,0,1005405,1
45301.289246,4,0,0,1005392,1
45304.261067,4,0,0,1005533,1
45306.253612,4,0,0,1005563,1
45306.260744,4,0,0,1005565,1
45307.435374,4,0,0,1005608,1
45312.004254,4,0,0,1005732,1
45314.196456,4,0,0,1005791,1
45316.578689,4,0,0,1005642,1
45323.040458,4,0,0,1005531,1
45324.180915,4,0,0,1005599,1
45329.018878,4,0,0,1005431,1
45332.490584,4,0,0,1005399,1
45334.136321,4,0,0,1005412,1
45345.019144,4,0,0,1005740,1
45348.722667,4,0,0,1005757,1
45351.947284,4,0,0,1005676,1
45353.055872,4,0,0,1005713,1
45359.999300,4,0,0,1005700,1
45362.201069,4,0,0,1005640,1
45365.747155,4,0,0,1005665,1
45366.750932,4,0,0,1005637,1
45375.049446,4,0,0,1005727,1
45380.851423,4,0,0,1005559,1
45381.724798,4,0,0,1005493,1
45388.197795,4,0,0,1005555,1
45394.120153,4,0,0,1005659,1
45395.101692,4,0,0,1005665,1
45397.444673,4,0,0,1005696,1
45401.569293,4,0,0,1005789,1
45411.563254,4,0,0,1005722,1
45416.498636,4,0,0,1005499,1
45417.651005,4,0,0,1005523,1
45426.239290,4,0,0,1005357,1
45427.970382,4,0,0,1005319,1
45434.175505,4,0,0,1005460,1
45437.303305,4,0,0,1005578,1
45439.072651,4,0,0,1005696,1
45453.631839,4,0,0,1005907,1
45458.381626,4,0,0,1006129,1
45459.005873,4,0,0,1006172,1
45466.354593,4,0,0,1006153,1
45469.634784,4,0,0,1006209,1
45470.048328,4,0,0,1006206,1
45472.474627,4,0,0,1006131,1
45478.064333,4,0,0,1006088,1
45483.228219,4,0,0,1006209,1
45485.273828,4,0,0,1006269,1
45489.425604,4,0,0,1006392,1
45490.870900,4,0,0,1006354,1
45491.700713,4,0,0,1006313,1
45499.887135,4,0,0,1006365,1
45502.261952,4,0,0,1006249,1
45504.363853,4,0,0,1006235,1
45509.966910,4,0,0,1006126,1
45521.214173,4,0,0,1006180,1
45522.496297,4,0,0,1006218,1
45523.569194,4,0,0,1006207,1
45523.762196,4,0,0,1006193,1
45526.914500,4,0,0,1006289,1
45527.797358,4,0,0,1006241,1
45528.117317,4,0,0,1006281,1
45540.181358,4,0,0,1006312,1
45545.082233,4,0,0,1006147,1
45546.071865,4,0,0,1006146,1
45555.876928,4,0,0,1006126,1
45557.462564,4,0,0,1006201,1
45560.850951,4,0,0,1006145,1
45588.525536,4,0,0,1005848,1
45596.543958,4,0,0,1005848,1
45599.818646,4,0,0,1005732,1
45603.776809,4,0,0,1005699,1
45610.550966,4,0,0,1005788,1
45618.383665,4,0,0,1005872,1
45619.063960,4,0,0,1005841,1
45621.131365,4,0,0,1005972,1
45633.480232,4,0,0,1005783,1
45634.303842,4,0,0,1005765,1
45636.309285,4,0,0,1005794,1
45644.314292,4,0,0,1005781,1
45646.151196,4,0,0,1005873,1
45652.079966,4,0,0,1005845,1
45653.745801,4,0,0,1005817,1
45659.402740,4,0,0,1006016,1
45667.446006,4,0,0,1005965,1
45669.822866,4,0,0,1006014,1
45688.776533,4,0,0,1006059,1
45693.569941,4,0,0,1006035,1
45695.239647,4,0,0,1006048,1
45697.247795,4,0,0,1006107,1
45712.218824,4,0,0,1005945,1
45724.519939,4,0,0,1005819,1
45731.593616,4,0,0,1005990,1
45741.058511,4,0,0,1005693,1
45757.499910,4,0,0,1005606,1
45760.858606,4,0,0,1005575,1
45762.073624,4,0,0,1005561,1
45777.132981,4,0,0,1005493,1
45777.692140,4,0,0,1005507,1
45786.427086,4,0,0,1005544,1
45789.120731,4,0,0,1005695,1
45800.294680,4,0,0,1005987,1
45813.034666,4,0,0,1005996,1
45815.714029,4,0,0,1005998,1
45821.441641,4,0,0,1006069,1
45824.261781,4,0,0,1006123,1
45831.304145,4,0,0,1006059,1
45835.668870,4,0,0,1005935,1
45836.286351,4,0,0,1005984,1
45838.664820,4,0,0,1006019,1
45841.231750,4,0,0,1006019,1
45845.724162,4,0,0,1006205,1
45848.018467,4,0,0,1006114,1
45848.710705,4,0,0,1006069,1
45854.651943,4,0,0,1005748,1
45862.413618,4,0,0,1005964,1
45867.981737,4,0,0,1005989,1
45869.183174,4,0,0,1006019,1
45883.062355,4,0,0,1005834,1
45883.844989,4,0,0,1005844,1
45889.850876,4,0,0,1005868,1
45897.395435,4,0,0,1006122,1
45915.919995,4,0,0,1006301,1
45922.596966,4,0,0,1006370,1
45931.373659,4,0,0,1006347,1
45942.341575,4,0,0,1006156,1
45943.352073,4,0,0,1006120,1
45945.709365,4,0,0,1006121,1
45946.292690,4,0,0,1006120,1
45947.012656,4,0,0,1006073,1
45949.487777,4,0,0,1006057,1
45956.136452,4,0,0,1005875,1
45958.232876,4,0,0,1005721,1
45958.463968,4,0,0,1005740,1
45962.589419,4,0,0,1005835,1
45969.217534,4,0,0,1005888,1
45977.962742,4,0,0,1005791,1
45984.578607,4,0,0,1005497,1
45990.534416,4,0,0,1005452,1
45993.071299,4,0,0,1005397,1
45993.827675,4,0,0,1005471,1
46004.710538,4,0,0,1005543,1
46005.733900,4,0,0,1005612,1
46014.279233,4,0,0,1005699,1
46015.410385,4,0,0,1005700,1
46019.762939,4,0,0,1005645,1
46032.905744,4,0,0,1005699,1
46035.823449,4,0,0,1005686,1
46044.596409,4,0,0,1005799,1
46048.591380,4,0,0,1005811,1
46050.666483,4,0,0,1005799,1
46051.852150,4,0,0,1005793,1
46052.217043,4,0,0,1005748,1
46055.454416,4,0,0,1005734,1
46072.815759,4,0,0,1005998,1
46074.705594,4,0,0,1006024,1
46075.403003,4,0,0,1005973,1
46077.172582,4,0,0,1006069,1
46078.781370,4,0,0,1006023,1
46085.691673,4,0,0,1006192,1
46088.071442,4,0,0,1006146,1
46088.825995,4,0,0,1006162,1
46093.542208,4,0,0,1006051,1
46119.430426,4,0,0,1006067,1
46123.178902,4,0,0,1006084,1
46131.811999,4,0,0,1006215,1
46155.622165,4,0,0,1006214,1
46164.542308,4,0,0,1006041,1
46168.610025,4,0,0,1006051,1
46174.548716,4,0,0,1005964,1
46177.739993,4,0,0,1005834,1
46182.047707,4,0,0,1005844,1
46190.810179,4,0,0,1005535,1
46192.967503,4,0,0,1005594,1
46193.060286,4,0,0,1005597,1
46193.315547,4,0,0,1005620,1
46196.545512,4,0,0,1005754,1
46197.060090,4,0,0,1005735,1
46200.028157,4,0,0,1005791,1
46200.145381,4,0,0,1005777,1
46201.202257,4,0,0,1005777,1
46201.819776,4,0,0,1005707,1
46206.959893,4,0,0,1005602,1
46207.623828,4,0,0,1005555,1
46208.014358,4,0,0,1005522,1
46223.569813,4,0,0,1005656,1
46228.614811,4,0,0,1005687,1
46238.691801,4,0,0,1005802,1
46245.817967,4,0,0,1005679,1
46246.142440,4,0,0,1005643,1
46248.339184,4,0,0,1005625,1
46256.949160,4,0,0,1005657,1
46264.996044,4,0,0,1005807,1
46265.387459,4,0,0,1005800,1
46272.503324,4,0,0,1005938,1
46278.883856,4,0,0,1005688,1
46280.461484,4,0,0,1005604,1
46281.713093,4,0,0,1005604,1
46298.376143,4,0,0,1005664,1
46312.192951,4,0,0,1005654,1
46315.574347,4,0,0,1005808,1
46317.907415,4,0,0,1005848,1
46318.870062,4,0,0,1005732,1
46338.478931,4,0,0,1005737,1
46352.535287,4,0,0,1005560,1
46353.568218,4,0,0,1005509,1
46354.434810,4,0,0,1005484,1
46357.509957,4,0,0,1005525,1
46363.071233,4,0,0,1005343,1
46374.130658,4,0,0,1005538,1
46380.596279,4,0,0,1005256,1
46387.377143,4,0,0,1005450,1
46388.391028,4,0,0,1005453,1
46390.355757,4,0,0,1005488,1
46392.056498,4,0,0,1005565,1
46392.888664,4,0,0,1005581,1
46395.734811,4,0,0,1005726,1
46399.494618,4,0,0,1005826,1
46400.171759,4,0,0,1005883,1
46400.676852,4,0,0,1005875,1
46410.193185,4,0,0,1005806,1
46410.428858,4,0,0,1005769,1
46411.369801,4,0,0,1005750,1
46429.616204,4,0,0,1005951,1
46429.988707,4,0,0,1005967,1
46432.682720,4,0,0,1006052,1
46436.124299,4,0,0,1006042,1
46438.302282,4,0,0,1006089,1
46438.907123,4,0,0,1005976,1
46441.579183,4,0,0,1006084,1
46442.523958,4,0,0,1006087,1
46446.082906,4,0,0,1005995,1
46458.567202,4,0,0,1005951,1
46466.472191,4,0,0,1005884,1
46470.897266,4,0,0,1005870,1
46478.272006,4,0,0,1005754,1
46493.033379,4,0,0,1005592,1
46501.265987,4,0,0,1005655,1
46502.204590,4,0,0,1005618,1
46510.547489,4,0,0,1005295,1
46513.009875,4,0,0,1005300,1
46515.685263,4,0,0,1005287,1
46520.325926,4,0,0,1005249,1
46525.095076,4,0,0,1005404,1
46527.039920,4,0,0,1005407,1
46537.086024,4,0,0,1005286,1
46537.939585,4,0,0,1005259,1
46545.622412,4,0,0,1005282,1
46546.837615,4,0,0,1005384,1
46548.792037,4,0,0,1005377,1
46552.370115,4,0,0,1005358,1
46558.770803,4,0,0,1005499,1
46569.242408,4,0,0,1005509,1
46570.693691,4,0,0,1005512,1
46585.496185,4,0,0,1005610,1
46587.675267,4,0,0,1005620,1
46592.905952,4,0,0,1005674,1
46599.367583,4,0,0,1005708,1
46600.886209,4,0,0,1005793,1
46610.151431,4,0,0,1005956,1
46618.346102,4,0,0,1006030,1
46628.730523,4,0,0,1006085,1
46629.313725,4,0,0,1006150,1
46631.739262,4,0,0,1006207,1
46636.643886,4,0,0,1006261,1
46646.254691,4,0,0,1006108,1
46650.188116,4,0,0,1006028,1
46668.541438,4,0,0,1005736,1
46670.754178,4,0,0,1005785,1
46677.251564,4,0,0,1005948,1
46682.142877,4,0,0,1006014,1
46686.849815,4,0,0,1005935,1
46691.154124,4,0,0,1005911,1
46693.350310,4,0,0,1005781,1
46693.875731,4,0,0,1005773,1
46696.943288,4,0,0,1005937,1
46704.432353,4,0,0,1006034,1
46708.296068,4,0,0,1006169,1
46708.675519,4,0,0,1006210,1
46709.292365,4,0,0,1006204,1
46714.966982,4,0,0,1006239,1
46717.126599,4,0,0,1006263,1
46729.573974,4,0,0,1006610,1
46730.366947,4,0,0,1006603,1
46731.522572,4,0,0,1006553,1
46736.813382,4,0,0,1006683,1
46739.974344,4,0,0,1006716,1
46745.462087,4,0,0,1006894,1
46749.890781,4,0,0,1006560,1
46758.458638,4,0,0,1006614,1
46759.651851,4,0,0,1006496,1
46760.559649,4,0,0,1006493,1
46761.935424,4,0,0,1006502,1
46771.538389,4,0,0,1006300,1
46773.281069,4,0,0,1006360,1
46775.864913,4,0,0,1006264,1
46777.442259,4,0,0,1006325,1
46781.619293,4,0,0,1006132,1
46785.785546,4,0,0,1006059,1
46792.091482,4,0,0,1006136,1
46796.101521,4,0,0,1006238,1
46799.219566,4,0,0,1006247,1
46802.993208,4,0,0,1006057,1
46806.884110,4,0,0,1006054,1
46811.588056,4,0,0,1005969,1
46821.110073,4,0,0,1006079,1
46851.525937,4,0,0,1006237,1
46852.908260,4,0,0,1006239,1
46860.910804,4,0,0,1006199,1
46862.676577,4,0,0,1006194,1
46864.160619,4,0,0,1006169,1
46875.013067,4,0,0,1005929,1
46875.939881,4,0,0,1005948,1
46879.850178,4,0,0,1005919,1
46890.564874,4,0,0,1005892,1
46893.533329,4,0,0,1006045,1
46896.086566,4,0,0,1005996,1
46903.577086,4,0,0,1006133,1
46910.836877,4,0,0,1006262,1
46911.464726,4,0,0,1006302,1
46911.615608,4,0,0,1006311,1
46912.053775,4,0,0,1006269,1
46912.293063,4,0,0,1006283,1
46918.354273,4,0,0,1006320,1
46919.748897,4,0,0,1006296,1
46921.025893,4,0,0,1006357,1
46933.458784,4,0,0,1006444,1
46939.099653,4,0,0,1006612,1
46948.446787,4,0,0,1006624,1
46954.611633,4,0,0,1006493,1
46963.650741,4,0,0,1006462,1
46966.082722,4,0,0,1006345,1
46968.879763,4,0,0,1006431,1
46972.077676,4,0,0,1006237,1
46995.690984,4,0,0,1006054,1
46998.256088,4,0,0,1006106,1
46998.679888,4,0,0,1006147,1
47000.030043,4,0,0,1006045,1
47005.973693,4,0,0,1005923,1
47006.411425,4,0,0,1005907,1
47011.411130,4,0,0,1005846,1
47017.238173,4,0,0,1005844,1
47032.125401,4,0,0,1006056,1
47042.259608,4,0,0,1006273,1
47052.158376,4,0,0,1006287,1
47070.215642,4,0,0,1005982,1
47077.525580,4,0,0,1005843,1
47080.971844,4,0,0,1005783,1
47081.284725,4,0,0,1005800,1
47099.175174,4,0,0,1005855,1
47099.793444,4,0,0,1005882,1
47101.002954,4,0,0,1005893,1
47115.848937,4,0,0,1006036,1
47123.668551,4,0,0,1005900,1
47142.021717,4,0,0,1005810,1
47147.943353,4,0,0,1005717,1
47153.786493,4,0,0,1005817,1
47159.086827,4,0,0,1005891,1
47161.319453,4,0,0,1005897,1
47169.790307,4,0,0,1005882,1
47171.400071,4,0,0,1005893,1
47183.149811,4,0,0,1005600,1
47193.115045,4,0,0,1005637,1
47198.008749,4,0,0,1005668,1
47205.746895,4,0,0,1005533,1
47215.026693,4,0,0,1005553,1
47215.672907,4,0,0,1005550,1
47220.504814,4,0,0,1005436,1
47229.143570,4,0,0,1005196,1
47231.827803,4,0,0,1005318,1
47238.541052,4,0,0,1005243,1
47239.978056,4,0,0,1005210,1
47242.823103,4,0,0,1005200,1
47243.933533,4,0,0,1005248,1
47246.665001,4,0,0,1005174,1
47248.984654,4,0,0,1005206,1
47255.133569,4,0,0,1005374,1
47255.551587,4,0,0,1005423,1
47268.089928,4,0,0,1005492,1
47287.438589,4,0,0,1005586,1
47287.453712,4,0,0,1005579,1
47293.241346,4,0,0,1005367,1
47293.592053,4,0,0,1005308,1
47293.693038,4,0,0,1005316,1
47301.049447,4,0,0,1005367,1
47305.891353,4,0,0,1005308,1
47314.149855,4,0,0,1005151,1
47319.899027,4,0,0,1004956,1
47321.760289,4,0,0,1004999,1
47324.078194,4,0,0,1004910,1
47331.930468,4,0,0,1005020,1
47333.094036,4,0,0,1005056,1
47334.707181,4,0,0,1005124,1
47335.837912,4,0,0,1005109,1
47337.020615,4,0,0,1005094,1
47340.152884,4,0,0,1005151,1
47343.911558,4,0,0,1005155,1
47348.285469,4,0,0,1005222,1
47356.478235,4,0,0,1005236,1
47358.682157,4,0,0,1005234,1
47363.798967,4,0,0,1005063,1
47366.524571,4,0,0,1005117,1
47370.890978,4,0,0,1005171,1
47378.684953,4,0,0,1005297,1
47379.431433,4,0,0,1005344,1
47380.087082,4,0,0,1005380,1
47382.277214,4,0,0,1005301,1
47385.716747,4,0,0,1005331,1
47390.746400,4,0,0,1005279,1
47391.676371,4,0,0,1005281,1
47398.412902,4,0,0,1005083,1
47402.228476,4,0,0,1005064,1
47405.401076,4,0,0,1005151,1
47405.818265,4,0,0,1005163,1
47418.913211,4,0,0,1005007,1
47421.230741,4,0,0,1004938,1
47422.588578,4,0,0,1005007,1
47427.027212,4,0,0,1005114,1
47436.812148,4,0,0,1005385,1
47445.070362,4,0,0,1005242,1
47446.100522,4,0,0,1005210,1
47452.391541,4,0,0,1005094,1
47458.181245,4,0,0,1005007,1
47458.617419,4,0,0,1005053,1
47467.946911,4,0,0,1005056,1
47468.287535,4,0,0,1005065,1
47474.496692,4,0,0,1005115,1
47474.901501,4,0,0,1005116,1
47483.628834,4,0,0,1005335,1
47485.699064,4,0,0,1005382,1
47493.051382,4,0,0,1005272,1
47495.419124,4,0,0,1005258,1
47495.834387,4,0,0,1005238,1
47497.063986,4,0,0,1005125,1
47497.510147,4,0,0,1005173,1
47497.581519,4,0,0,1005165,1
47506.312859,4,0,0,1005346,1
47516.170204,4,0,0,1005272,1
47518.200107,4,0,0,1005319,1
47531.286359,4,0,0,1005412,1
47539.826015,4,0,0,1005306,1
47540.627449,4,0,0,1005322,1
47544.083630,4,0,0,1005221,1
47547.560686,4,0,0,1005324,1
47548.454501,4,0,0,1005336,1
47549.776230,4,0,0,1005304,1
47561.599240,4,0,0,1005785,1
47571.684935,4,0,0,1005718,1
47576.373436,4,0,0,1005742,1
47583.373102,4,0,0,1005673,1
47588.753128,4,0,0,1005624,1
47593.031605,4,0,0,1005697,1
47594.135302,4,0,0,1005788,1
47596.317754,4,0,0,1005795,1
47598.613044,4,0,0,1005707,1
47600.233941,4,0,0,1005758,1
47611.536464,4,0,0,1005694,1
47618.560042,4,0,0,1005760,1
47623.627614,4,0,0,1005589,1
47633.192351,4,0,0,1005555,1
47634.778020,4,0,0,1005509,1
47643.100866,4,0,0,1005282,1
47644.627387,4,0,0,1005350,1
47645.777563,4,0,0,1005326,1
47662.467725,4,0,0,1005633,1
47664.224882,4,0,0,1005584,1
47674.820414,4,0,0,1005768,1
47678.064902,4,0,0,1005789,1
47684.282711,4,0,0,1005727,1
47687.593178,4,0,0,1005676,1
47690.670176,4,0,0,1005508,1
47699.127879,4,0,0,1005455,1
47701.519082,4,0,0,1005403,1
47701.562598,4,0,0,1005396,1
47710.798785,4,0,0,1005461,1
47717.276254,4,0,0,1005455,1
47723.873389,4,0,0,1005574,1
47728.780745,4,0,0,1005622,1
47733.542500,4,0,0,1005630,1
47733.811991,4,0,0,1005634,1
47737.050746,4,0,0,1005421,1
47739.707692,4,0,0,1005290,1
47741.768874,4,0,0,1005335,1
47752.435770,4,0,0,1005416,1
47756.681892,4,0,0,1005602,1
47771.670405,4,0,0,1005485,1
47782.922961,4,0,0,1005305,1
47798.972093,4,0,0,1005146,1
47805.840574,4,0,0,1005100,1
47807.807526,4,0,0,1005126,1
47813.546055,4,0,0,1004995,1
47821.483757,4,0,0,1005082,1
47825.727490,4,0,0,1005218,1
47826.655268,4,0,0,1005192,1
47828.193388,4,0,0,1005092,1
47836.264142,4,0,0,1005251,1
47836.752206,4,0,0,1005139,1
47844.448212,4,0,0,1005336,1
47845.324222,4,0,0,1005423,1
47846.883910,4,0,0,1005512,1
47863.174546,4,0,0,1005508,1
47871.007942,4,0,0,1005891,1
47872.374634,4,0,0,1005863,1
47880.588730,4,0,0,1006021,1
47885.032857,4,0,0,1006025,1
47888.313177,4,0,0,1006001,1
47893.506545,4,0,0,1006043,1
47900.764343,4,0,0,1006226,1
47904.667312,4,0,0,1006145,1
47908.966390,4,0,0,1006057,1
47917.633932,4,0,0,1006215,1
47919.066601,4,0,0,1006115,1
47921.801754,4,0,0,1006098,1
47923.380449,4,0,0,1006087,1
47933.678349,4,0,0,1005928,1
47936.352299,4,0,0,1005947,1
47939.259417,4,0,0,1005944,1
47940.596491,4,0,0,1005940,1
47943.804921,4,0,0,1005867,1
47959.605315,4,0,0,1006028,1
47961.320948,4,0,0,1006170,1
47969.235263,4,0,0,1006363,1
47973.466421,4,0,0,1006159,1
47974.444995,4,0,0,1006215,1
47990.545200,4,0,0,1006434,1
47994.496865,4,0,0,1006374,1
48014.270287,4,0,0,1006035,1
48025.654426,4,0,0,1005964,1
48029.460803,4,0,0,1005974,1
48031.879179,4,0,0,1005994,1
48042.654583,4,0,0,1005969,1
48042.661986,4,0,0,1005960,1
48044.093192,4,0,0,1005988,1
48049.336874,4,0,0,1005815,1
48050.824091,4,0,0,1005882,1
48054.608487,4,0,0,1005786,1
48057.918279,4,0,0,1005837,1
48068.800910,4,0,0,1005800,1
48072.590134,4,0,0,1005704,1
48075.367062,4,0,0,1005596,1
48085.517040,4,0,0,1005496,1
48085.675761,4,0,0,1005534,1
48088.736847,4,0,0,1005495,1
48092.945065,4,0,0,1005467,1
48098.033516,4,0,0,1005362,1
48099.277900,4,0,0,1005383,1
48101.142753,4,0,0,1005378,1
48101.933531,4,0,0,1005343,1
48104.826037,4,0,0,1005300,1
48106.029639,4,0,0,1005354,1
48106.465144,4,0,0,1005404,1
48112.610015,4,0,0,1005337,1
48116.971456,4,0,0,1005272,1
48119.916905,4,0,0,1005147,1
48121.855485,4,0,0,1005206,1
48126.349849,4,0,0,1005113,1
48127.158980,4,0,0,1005073,1
48127.252974,4,0,0,1005071,1
48140.000243,4,0,0,1004811,1
48147.838150,4,0,0,1005080,1
48149.705920,4,0,0,1005087,1
48151.434310,4,0,0,1005065,1
48155.608518,4,0,0,1005154,1
48162.952783,4,0,0,1004991,1
48171.717392,4,0,0,1004966,1
48177.091607,4,0,0,1004973,1
48183.874180,4,0,0,1004819,1
48187.349184,4,0,0,1004730,1
48203.899897,4,0,0,1004982,1
48206.486413,4,0,0,1004867,1
48209.203527,4,0,0,1004790,1
48212.965108,4,0,0,1004639,1
48218.608286,4,0,0,1004783,1
48226.281575,4,0,0,1004864,1
48234.281748,4,0,0,1004667,1
48252.443074,4,0,0,1004695,1
48280.337510,4,0,0,1004257,1
48289.227594,4,0,0,1004266,1
48290.664809,4,0,0,1004298,1
48291.034002,4,0,0,1004324,1
48291.401414,4,0,0,1004349,1
48296.655792,4,0,0,1004178,1
48307.641118,4,0,0,1004392,1
48320.571504,4,0,0,1004567,1
48324.043852,4,0,0,1004653,1
48331.595121,4,0,0,1004728,1
48333.828830,4,0,0,1004692,1
48338.523210,4,0,0,1004583,1
48348.633332,4,0,0,1004569,1
48355.900209,4,0,0,1004574,1
48358.165266,4,0,0,1004597,1
48363.087078,4,0,0,1004644,1
48373.457043,4,0,0,1004722,1
48379.824032,4,0,0,1004936,1
48380.467489,4,0,0,1004917,1
48383.896894,4,0,0,1005049,1
48384.328640,4,0,0,1005035,1
48392.157763,4,0,0,1004812,1
48396.727283,4,0,0,1004766,1
48403.611145,4,0,0,1004645,1
48404.473529,4,0,0,1004671,1
48405.855367,4,0,0,1004723,1
48423.827463,4,0,0,1004635,1
48427.900503,4,0,0,1004548,1
48430.731910,4,0,0,1004629,1
48431.063209,4,0,0,1004622,1
48433.879682,4,0,0,1004624,1
48437.195696,4,0,0,1004721,1
48446.210965,4,0,0,1005056,1
48447.876208,4,0,0,1005097,1
48449.107156,4,0,0,1005055,1
48452.791496,4,0,0,1005023,1
48459.866347,4,0,0,1004986,1
48462.337691,4,0,0,1005028,1
48463.464422,4,0,0,1005079,1
48463.772090,4,0,0,1005068,1
48471.525972,4,0,0,1005235,1
48473.779780,4,0,0,1005264,1
48481.045654,4,0,0,1005167,1
48487.414194,4,0,0,1005210,1
48500.186703,4,0,0,1004875,1
48500.847423,4,0,0,1004890,1
48503.406974,4,0,0,1004798,1
48503.961214,4,0,0,1004850,1
48517.902751,4,0,0,1004982,1
48518.443863,4,0,0,1005003,1
48522.377258,4,0,0,1004958,1
48528.702401,4,0,0,1004902,1
48528.975857,4,0,0,1004893,1
48529.850504,4,0,0,1004844,1
48544.435921,4,0,0,1005237,1
48553.766915,4,0,0,1005246,1
48561.952909,4,0,0,1005358,1
48568.177899,4,0,0,1005498,1
48573.444879,4,0,0,1005223,1
48580.008355,4,0,0,1005124,1
48580.055076,4,0,0,1005128,1
48588.473158,4,0,0,1005467,1
48591.174051,4,0,0,1005465,1
48593.212293,4,0,0,1005483,1
48595.319334,4,0,0,1005438,1
48599.973885,4,0,0,1005444,1
48606.750610,4,0,0,1005635,1
48607.217394,4,0,0,1005611,1
48610.699579,4,0,0,1005764,1
48616.116677,4,0,0,1005752,1
48622.350823,4,0,0,1005610,1
48623.532063,4,0,0,1005567,1
48623.902612,4,0,0,1005645,1
48626.885797,4,0,0,1005829,1
48627.366559,4,0,0,1005821,1
48633.246125,4,0,0,1005801,1
48634.593573,4,0,0,1005737,1
48639.232217,4,0,0,1005783,1
48643.578921,4,0,0,1005731,1
48644.835213,4,0,0,1005653,1
48648.690230,4,0,0,1005642,1
48660.031958,4,0,0,1005466,1
48668.779980,4,0,0,1005345,1
48689.143622,4,0,0,1005101,1
48698.163525,4,0,0,1004904,1
48703.305397,4,0,0,1004934,1
48711.367810,4,0,0,1005163,1
48724.256676,4,0,0,1004985,1
48726.127572,4,0,0,1005015,1
48729.119055,4,0,0,1005035,1
48730.058171,4,0,0,1005020,1
48734.860673,4,0,0,1005006,1
48742.459427,4,0,0,1005042,1
48744.541104,4,0,0,1005010,1
48749.098216,4,0,0,1005031,1
48753.310574,4,0,0,1005074,1
48757.789559,4,0,0,1005118,1
48761.718695,4,0,0,1004977,1
48795.988199,4,0,0,1004778,1
48796.084208,4,0,0,1004793,1
48796.141418,4,0,0,1004789,1
48796.442325,4,0,0,1004774,1
48799.437831,4,0,0,1004832,1
48809.006671,4,0,0,1004656,1
48811.643079,4,0,0,1004685,1
48825.194420,4,0,0,1004721,1
48827.412917,4,0,0,1004670,1
48828.086274,4,0,0,1004739,1
48833.690351,4,0,0,1004757,1
48840.123324,4,0,0,1004846,1
48842.266069,4,0,0,1004819,1
48849.427051,4,0,0,1004952,1
48854.690731,4,0,0,1005026,1
48855.425806,4,0,0,1004994,1
48858.453953,4,0,0,1005000,1
48859.619028,4,0,0,1005022,1
48859.645399,4,0,0,1005022,1
48864.963385,4,0,0,1005037,1
48870.006639,4,0,0,1004893,1
48870.692539,4,0,0,1004926,1
48872.968537,4,0,0,1005008,1
48885.154739,4,0,0,1004864,1
48892.571293,4,0,0,1004920,1
48894.523482,4,0,0,1004988,1
48900.136840,4,0,0,1005045,1
48902.310174,4,0,0,1004970,1
48902.819060,4,0,0,1004935,1
48903.395248,4,0,0,1004902,1
48904.548068,4,0,0,1005001,1
48908.318191,4,0,0,1005064,1
48908.325847,4,0,0,1005062,1
48911.904185,4,0,0,1005127,1
48914.042414,4,0,0,1005055,1
48921.443706,4,0,0,1005064,1
48924.859726,4,0,0,1005059,1
48925.487636,4,0,0,1005051,1
48928.107353,4,0,0,1004922,1
48929.069711,4,0,0,1004829,1
48935.986292,4,0,0,1005091,1
48943.646246,4,0,0,1004989,1
48948.997732,4,0,0,1005155,1
48951.682612,4,0,0,1005068,1
48953.898284,4,0,0,1005089,1
48954.701300,4,0,0,1005090,1
48957.409165,4,0,0,1005093,1
48974.662194,4,0,0,1005337,1
48977.568478,4,0,0,1005221,1
48985.476807,4,0,0,1005245,1
48991.652857,4,0,0,1005462,1
48994.460170,4,0,0,1005237,1
49005.077766,4,0,0,1005439,1
49006.818463,4,0,0,1005421,1
49007.975778,4,0,0,1005361,1
49018.772047,4,0,0,1005393,1
49029.769921,4,0,0,1005130,1
49034.148137,4,0,0,1004972,1
49056.820690,4,0,0,1005107,1
49061.782213,4,0,0,1005044,1
49063.163664,4,0,0,1005003,1
49064.301252,4,0,0,1004998,1
49066.681364,4,0,0,1005055,1
49070.770067,4,0,0,1005179,1
49071.870089,4,0,0,1005203,1
49072.565494,4,0,0,1005161,1
49073.134504,4,0,0,1005211,1
49074.299064,4,0,0,1005130,1
49081.812905,4,0,0,1005344,1
49091.736143,4,0,0,1005259,1
49092.524412,4,0,0,1005187,1
49102.083227,4,0,0,1005354,1
49106.086493,4,0,0,1005313,1
49110.113896,4,0,0,1005396,1
49115.980080,4,0,0,1005646,1
49130.664937,4,0,0,1005808,1
49138.339746,4,0,0,1005914,1
49145.471669,4,0,0,1005954,1
49146.439212,4,0,0,1005939,1
49148.713168,4,0,0,1005865,1
49153.260446,4,0,0,1005861,1
49160.926982,4,0,0,1005891,1
49167.113733,4,0,0,1005767,1
49170.452254,4,0,0,1005813,1
49170.590390,4,0,0,1005809,1
49177.551095,4,0,0,1006006,1
49182.219752,4,0,0,1006222,1
49182.262686,4,0,0,1006211,1
49184.132655,4,0,0,1006159,1
49185.855617,4,0,0,1006148,1
49189.418202,4,0,0,1006033,1
49192.346143,4,0,0,1006058,1
49204.374607,4,0,0,1005772,1
49209.761716,4,0,0,1005746,1
49210.143938,4,0,0,1005793,1
49225.920926,4,0,0,1005624,1
49230.198411,4,0,0,1005627,1
49230.797073,4,0,0,1005669,1
49236.575823,4,0,0,1005655,1
49240.117921,4,0,0,1005688,1
49245.942796,4,0,0,1005386,1
49254.082148,4,0,0,1005249,1
49254.776348,4,0,0,1005222,1
49257.745732,4,0,0,1005237,1
49258.866566,4,0,0,1005244,1
49259.091182,4,0,0,1005224,1
49262.543365,4,0,0,1005194,1
49262.822848,4,0,0,1005140,1
49263.495364,4,0,0,1005100,1
49266.789598,4,0,0,1004998,1
49267.826716,4,0,0,1004999,1
49270.778492,4,0,0,1004911,1
49274.578565,4,0,0,1004822,1
49276.772624,4,0,0,1004812,1
49276.985155,4,0,0,1004851,1
49277.002612,4,0,0,1004846,1
49282.116745,4,0,0,1004875,1
49291.020461,4,0,0,1004931,1
49293.300760,4,0,0,1004865,1
49296.306642,4,0,0,1004986,1
49296.904482,4,0,0,1005083,1
49298.608855,4,0,0,1005110,1
49302.516769,4,0,0,1005037,1
49308.602199,4,0,0,1004949,1
49313.171802,4,0,0,1005026,1
49319.969357,4,0,0,1004952,1
49331.667256,4,0,0,1004807,1
49349.746205,4,0,0,1004477,1
49349.902811,4,0,0,1004452,1
49353.485231,4,0,0,1004388,1
49355.316641,4,0,0,1004330,1
49369.615955,4,0,0,1004124,1
49373.702453,4,0,0,1004102,1
49385.783195,4,0,0,1004205,1
49386.204435,4,0,0,1004231,1
49386.252532,4,0,0,1004219,1
49412.070735,4,0,0,1004424,1
49421.848213,4,0,0,1004466,1
49427.997152,4,0,0,1004359,1
49443.566420,4,0,0,1004367,1
49444.792583,4,0,0,1004358,1
49445.224538,4,0,0,1004377,1
49448.306712,4,0,0,1004329,1
49449.480072,4,0,0,1004294,1
49453.757595,4,0,0,1004101,1
49461.465304,4,0,0,1004151,1
49466.576208,4,0,0,1004075,1
49468.784714,4,0,0,1004054,1
49475.430222,4,0,0,1003858,1
49477.592262,4,0,0,1003928,1
49484.119605,4,0,0,1003872,1
49484.781552,4,0,0,1003806,1
49488.568687,4,0,0,1003848,1
49489.153524,4,0,0,1003893,1
49499.746379,4,0,0,1003981,1
49503.917287,4,0,0,1003910,1
49511.676648,4,0,0,1003982,1
49511.796271,4,0,0,1003949,1
49511.982093,4,0,0,1003953,1
49513.200974,4,0,0,1003966,1
49513.897805,4,0,0,1004080,1
49517.392359,4,0,0,1004135,1
49517.710685,4,0,0,1004132,1
49521.821741,4,0,0,1004008,1
49521.954402,4,0,0,1003989,1
49529.654402,4,0,0,1003943,1
49533.211297,4,0,0,1004083,1
49534.302294,4,0,0,1004140,1
49549.056034,4,0,0,1004045,1
49549.148756,4,0,0,1004042,1
49553.001042,4,0,0,1004058,1
49555.164467,4,0,0,1004134,1
49565.803522,4,0,0,1004142,1
49570.168387,4,0,0,1004197,1
49572.703837,4,0,0,1004172,1
49579.295546,4,0,0,1004167,1
49579.839085,4,0,0,1004145,1
49591.378947,4,0,0,1003923,1
49592.482591,4,0,0,1003896,1
49599.017468,4,0,0,1003912,1
49600.531893,4,0,0,1003954,1
49603.852948,4,0,0,1003859,1
49605.366813,4,0,0,1003961,1
49607.210174,4,0,0,1003959,1
49607.228615,4,0,0,1003956,1
49609.455036,4,0,0,1003940,1
49614.977982,4,0,0,1004107,1
49616.183107,4,0,0,1004021,1
49627.044072,4,0,0,1004038,1
49632.135567,4,0,0,1004124,1
49633.678379,4,0,0,1004287,1
49635.659492,4,0,0,1004334,1
49644.705554,4,0,0,1004243,1
49645.548536,4,0,0,1004229,1
49648.246707,4,0,0,1004049,1
49657.802159,4,0,0,1003942,1
49660.027146,4,0,0,1004057,1
49664.051200,4,0,0,1004083,1
49667.363676,4,0,0,1004051,1
49668.311343,4,0,0,1004084,1
49668.966260,4,0,0,1004071,1
49678.736703,4,0,0,1004173,1
49687.194042,4,0,0,1004081,1
49697.624136,4,0,0,1003926,1
49700.505604,4,0,0,1003872,1
49720.486449,4,0,0,1003695,1
49724.495629,4,0,0,1003793,1
49730.530345,4,0,0,1003881,1
49733.870535,4,0,0,1003944,1
49736.118853,4,0,0,1003888,1
49737.604792,4,0,0,1003960,1
49739.219762,4,0,0,1003949,1
49746.734638,4,0,0,1003999,1
49747.642171,4,0,0,1004101,1
49752.247373,4,0,0,1004107,1
49754.283437,4,0,0,1004194,1
49755.121127,4,0,0,1004231,1
49755.389887,4,0,0,1004247,1
49759.172850,4,0,0,1004369,1
49761.869024,4,0,0,1004409,1
49777.934141,4,0,0,1004333,1
49781.854975,4,0,0,1004180,1
49782.393059,4,0,0,1004162,1
49798.428432,4,0,0,1004133,1
49802.818471,4,0,0,1004223,1
49811.157861,4,0,0,1004334,1
49819.847558,4,0,0,1004328,1
49820.344306,4,0,0,1004387,1
49824.657617,4,0,0,1004276,1
49829.739964,4,0,0,1004388,1
49830.109629,4,0,0,1004409,1
49837.748024,4,0,0,1004598,1
49840.637876,4,0,0,1004594,1
49848.289537,4,0,0,1004589,1
49849.632783,4,0,0,1004634,1
49852.319468,4,0,0,1004582,1
49852.921372,4,0,0,1004623,1
49853.639050,4,0,0,1004554,1
49862.804561,4,0,0,1004527,1
49864.940639,4,0,0,1004528,1
49873.017090,4,0,0,1004787,1
49878.176777,4,0,0,1004974,1
49891.963153,4,0,0,1004894,1
49894.724151,4,0,0,1004829,1
49900.532649,4,0,0,1004660,1
49931.423327,4,0,0,1004854,1
49934.898883,4,0,0,1004732,1
49937.877019,4,0,0,1004724,1
49938.405997,4,0,0,1004737,1
49942.043269,4,0,0,1004781,1
49942.416907,4,0,0,1004839,1
49944.120592,4,0,0,1004802,1
49944.550083,4,0,0,1004805,1
49947.319319,4,0,0,1004766,1
49948.064823,4,0,0,1004773,1
49966.343173,4,0,0,1005159,1
49966.449478,4,0,0,1005158,1
49971.686288,4,0,0,1005223,1
49977.364103,4,0,0,1005310,1
49978.132283,4,0,0,1005306,1
49980.426645,4,0,0,1005373,1
49983.370429,4,0,0,1005365,1
49983.606209,4,0,0,1005360,1
49989.451405,4,0,0,1005256,1
49996.743958,4,0,0,1005256,1
49999.431587,4,0,0,1005186,1
49999.763888,4,0,0,1005131,1
50003.304015,4,0,0,1005033,1
50008.074019,4,0,0,1004869,1
50008.391709,4,0,0,1004826,1
50011.591388,4,0,0,1004804,1
50017.541828,4,0,0,1004766,1
50026.864228,4,0,0,1004649,1
50029.636462,4,0,0,1004577,1
50037.352221,4,0,0,1004661,1
50048.261549,4,0,0,1004800,1
50052.918720,4,0,0,1004875,1
50067.019954,4,0,0,1004897,1
50073.355428,4,0,0,1004954,1
50084.282952,4,0,0,1004778,1
50089.183964,4,0,0,1004801,1
50094.620419,4,0,0,1004825,1
50101.364627,4,0,0,1004932,1
50111.095217,4,0,0,1005113,1
50115.297050,4,0,0,1004933,1
50120.913306,4,0,0,1004939,1
50121.813606,4,0,0,1004896,1
50127.212870,4,0,0,1005032,1
50128.677908,4,0,0,1005032,1
50130.815291,4,0,0,1005103,1
50137.658186,4,0,0,1005243,1
50142.465298,4,0,0,1005250,1
50156.642551,4,0,0,1005144,1
50157.506928,4,0,0,1005185,1
50158.560252,4,0,0,1005151,1
50165.457058,4,0,0,1004964,1
50170.385558,4,0,0,1004999,1
50199.910272,4,0,0,1005282,1
50201.417482,4,0,0,1005273,1
50204.464304,4,0,0,1005144,1
50204.751427,4,0,0,1005132,1
50220.440865,4,0,0,1005186,1
50226.216104,4,0,0,1005238,1
50229.302900,4,0,0,1005225,1
50229.955947,4,0,0,1005233,1
50240.206123,4,0,0,1005057,1
50246.605491,4,0,0,1004891,1
50251.287183,4,0,0,1004689,1
50254.304807,4,0,0,1004683,1
50262.538779,4,0,0,1004631,1
50271.389783,4,0,0,1004650,1
50279.774336,4,0,0,1004826,1
50282.957075,4,0,0,1004772,1
50288.397381,4,0,0,1004730,1
50294.627947,4,0,0,1004648,1
50296.486880,4,0,0,1004585,1
50303.184049,4,0,0,1004506,1
50307.153808,4,0,0,1004447,1
50310.517599,4,0,0,1004275,1
50313.464293,4,0,0,1004268,1
50314.440588,4,0,0,1004179,1
50329.517222,4,0,0,1004014,1
50330.183467,4,0,0,1003992,1
50330.876960,4,0,0,1003991,1
50334.147868,4,0,0,1003961,1
50336.151924,4,0,0,1003870,1
50337.043200,4,0,0,1003892,1
50340.804236,4,0,0,1004096,1
50342.345018,4,0,0,1004131,1
50347.723932,4,0,0,1004176,1
50349.808997,4,0,0,1004200,1
50353.924781,4,0,0,1004175,1
50360.917506,4,0,0,1004181,1
50362.003845,4,0,0,1004085,1
50362.051002,4,0,0,1004097,1
50362.720189,4,0,0,1004085,1
50366.450000,4,0,0,1003945,1
50376.467223,4,0,0,1003859,1
50379.760086,4,0,0,1003963,1
50381.490844,4,0,0,1003942,1
50391.094464,4,0,0,1003973,1
50391.198029,4,0,0,1003978,1
50391.840628,4,0,0,1004011,1
50421.138313,4,0,0,1003945,1
50423.068397,4,0,0,1003954,1
50423.074245,4,0,0,1003953,1
50429.936949,4,0,0,1003955,1
50431.176018,4,0,0,1003929,1
50434.920963,4,0,0,1003943,1
50449.348057,4,0,0,1003581,1
50451.684157,4,0,0,1003441,1
50451.790938,4,0,0,1003446,1
50451.991745,4,0,0,1003459,1
50453.549605,4,0,0,1003433,1
50454.747469,4,0,0,1003494,1
50457.371615,4,0,0,1003474,1
50463.224811,4,0,0,1003483,1
50480.251189,4,0,0,1003616,1
50481.488901,4,0,0,1003760,1
50491.854430,4,0,0,1003667,1
50497.986269,4,0,0,1003362,1
50501.132208,4,0,0,1003418,1
50508.892671,4,0,0,1003274,1
50510.754166,4,0,0,1003313,1
50516.801770,4,0,0,1003453,1
50522.719901,4,0,0,1003575,1
50523.802813,4,0,0,1003602,1
50528.286874,4,0,0,1003595,1
50534.291007,4,0,0,1003689,1
50544.901041,4,0,0,1003607,1
50553.443238,4,0,0,1003534,1
50555.719489,4,0,0,1003618,1
50562.539505,4,0,0,1003708,1
50566.872525,4,0,0,1003858,1
50567.475736,4,0,0,1003843,1
50571.241291,4,0,0,1003934,1
50571.790786,4,0,0,1003900,1
50583.473044,4,0,0,1003972,1
50584.628703,4,0,0,1004081,1
50587.635230,4,0,0,1004063,1
50590.012497,4,0,0,1004052,1
50593.858612,4,0,0,1004006,1
50600.852570,4,0,0,1003963,1
50601.978217,4,0,0,1003926,1
50610.050083,4,0,0,1003868,1
50610.440828,4,0,0,1003898,1
50611.704495,4,0,0,1003825,1
50611.808250,4,0,0,1003824,1
50612.011936,4,0,0,1003817,1
50612.499044,4,0,0,1003832,1
50614.727636,4,0,0,1003852,1
50619.012155,4,0,0,1003906,1
50658.807845,4,0,0,1003585,1
50663.268960,4,0,0,1003583,1
50665.244139,4,0,0,1003595,1
50666.107697,4,0,0,1003608,1
50669.417736,4,0,0,1003477,1
50669.586031,4,0,0,1003472,1
50674.959153,4,0,0,1003525,1
50679.865190,4,0,0,1003484,1
50680.908673,4,0,0,1003433,1
50684.481509,4,0,0,1003401,1
50691.324369,4,0,0,1003346,1
50691.612902,4,0,0,1003373,1
50693.402494,4,0,0,1003409,1
50694.492258,4,0,0,1003393,1
50700.155215,4,0,0,1003609,1
50711.416990,4,0,0,1003610,1
50716.166787,4,0,0,1003772,1
50728.122368,4,0,0,1004050,1
50729.379245,4,0,0,1004035,1
50735.382284,4,0,0,1003922,1
50736.048989,4,0,0,1003977,1
50737.794630,4,0,0,1003933,1
50744.107853,4,0,0,1003849,1
50751.710881,4,0,0,1003917,1
50752.492393,4,0,0,1003951,1
50761.736230,4,0,0,1004043,1
50763.170940,4,0,0,1004054,1
50766.725522,4,0,0,1004113,1
50776.343763,4,0,0,1004058,1
50784.385803,4,0,0,1004099,1
50788.268193,4,0,0,1004052,1
50788.822905,4,0,0,1004005,1
50805.164729,4,0,0,1004165,1
50813.253718,4,0,0,1004243,1
50813.858850,4,0,0,1004230,1
50816.914155,4,0,0,1004307,1
50825.125542,4,0,0,1004441,1
50825.248590,4,0,0,1004435,1
50829.623605,4,0,0,1004475,1
50831.992574,4,0,0,1004550,1
50833.107105,4,0,0,1004623,1
50834.113693,4,0,0,1004623,1
50845.121887,4,0,0,1004771,1
50847.940835,4,0,0,1004882,1
50853.164876,4,0,0,1004791,1
50853.914414,4,0,0,1004788,1
50858.700999,4,0,0,1004941,1
50863.290817,4,0,0,1004940,1
50872.069771,4,0,0,1004901,1
50879.946785,4,0,0,1004906,1
50882.070999,4,0,0,1004811,1
50884.588252,4,0,0,1004892,1
50897.405525,4,0,0,1004640,1
50911.947203,4,0,0,1004571,1
50915.682895,4,0,0,1004595,1
50917.574910,4,0,0,1004795,1
50918.247722,4,0,0,1004743,1
50925.039369,4,0,0,1005000,1
50939.205201,4,0,0,1005108,1
50939.291584,4,0,0,1005118,1
50941.294374,4,0,0,1005125,1
50943.681702,4,0,0,1005191,1
50944.853514,4,0,0,1005170,1
50949.859387,4,0,0,1005189,1
50956.540856,4,0,0,1005272,1
50963.987138,4,0,0,1005402,1
50966.471292,4,0,0,1005365,1
50975.843159,4,0,0,1005183,1
