34199.000000,1,0,100,999000,1
34199.000000,1,0,100,999100,1
34199.000000,1,0,100,999200,1
34199.000000,1,0,100,999300,1
34199.000000,1,0,100,999400,1
34199.000000,1,0,100,999500,1
34199.000000,1,0,100,999600,1
34199.000000,1,0,100,999700,1
34199.000000,1,0,100,999800,1
34199.000000,1,0,100,999900,1
34199.000000,1,0,100,1000100,-1
34199.000000,1,0,100,1000200,-1
34199.000000,1,0,100,1000300,-1
34199.000000,1,0,100,1000400,-1
34199.000000,1,0,100,1000500,-1
34199.000000,1,0,100,1000600,-1
34199.000000,1,0,100,1000700,-1
34199.000000,1,0,100,1000800,-1
34199.000000,1,0,100,1000900,-1
34199.000000,1,0,100,1001000,-1
34200.000000,4,0,0,1000000,1
34207.235766,4,0,0,1000004,1
34209.993740,4,0,0,1000038,1
34216.138040,4,0,0,999940,1
34234.379649,4,0,0,999941,1
34238.075853,4,0,0,999941,1
34241.399820,4,0,0,999781,1
34241.757262,4,0,0,999812,1
34243.251369,4,0,0,999849,1
34246.563489,4,0,0,999792,1
34251.998497,4,0,0,999773,1
34259.781819,4,0,0,999844,1
34262.074091,4,0,0,999824,1
34262.400138,4,0,0,999818,1
34264.024774,4,0,0,999725,1
34275.513214,4,0,0,999821,1
34276.660494,4,0,0,999827,1
34279.536650,4,0,0,999851,1
34292.330985,4,0,0,999580,1
34292.451510,4,0,0,999609,1
34296.837944,4,0,0,999626,1
34311.169940,4,0,0,999556,1
34312.421144,4,0,0,999669,1
34316.221998,4,0,0,999666,1
34327.685907,4,0,0,999423,1
34328.369026,4,0,0,999406,1
34331.911503,4,0,0,999192,1
34338.545833,4,0,0,999330,1
34343.830969,4,0,0,999284,1
34346.845463,4,0,0,999221,1
34347.941151,4,0,0,999278,1
34351.166922,4,0,0,999131,1
34353.393579,4,0,0,999172,1
34356.495517,4,0,0,998991,1
34358.672967,4,0,0,998944,1
34367.370908,4,0,0,998772,1
34374.367933,4,0,0,998969,1
34376.169371,4,0,0,999089,1
34380.232821,4,0,0,999057,1
34381.776913,4,0,0,999110,1
34384.659345,4,0,0,999096,1
34386.740440,4,0,0,999138,1
34391.860729,4,0,0,999056,1
34394.071923,4,0,0,998930,1
34397.009271,4,0,0,998777,1
34403.082522,4,0,0,998828,1
34405.628908,4,0,0,999009,1
34416.952601,4,0,0,999061,1
34417.903830,4,0,0,999035,1
34424.363456,4,0,0,999281,1
34426.986858,4,0,0,999302,1
34429.644138,4,0,0,999311,1
34434.453585,4,0,0,999341,1
34437.990986,4,0,0,999330,1
34440.552820,4,0,0,999306,1
34440.559646,4,0,0,999300,1
34441.022349,4,0,0,999317,1
34446.929417,4,0,0,999308,1
34450.481261,4,0,0,999422,1
34456.175463,4,0,0,999380,1
34471.048693,4,0,0,999019,1
34476.538914,4,0,0,999010,1
34476.799865,4,0,0,999054,1
34478.565608,4,0,0,999029,1
34482.857793,4,0,0,998940,1
34484.139009,4,0,0,998873,1
34500.159557,4,0,0,998674,1
34514.027767,4,0,0,998628,1
34523.045312,4,0,0,998458,1
34526.101036,4,0,0,998591,1
34534.905097,4,0,0,998556,1
34535.576876,4,0,0,998561,1
34537.341795,4,0,0,998658,1
34540.313763,4,0,0,998790,1
34546.786856,4,0,0,998767,1
34549.966474,4,0,0,998799,1
34550.670076,4,0,0,998830,1
34552.681922,4,0,0,998818,1
34554.556603,4,0,0,998698,1
34556.264371,4,0,0,998742,1
34557.129189,4,0,0,998784,1
34559.691152,4,0,0,998819,1
34562.532507,4,0,0,998743,1
34569.660502,4,0,0,998722,1
34577.268122,4,0,0,998646,1
34580.800356,4,0,0,998620,1
34583.751308,4,0,0,998734,1
34590.950182,4,0,0,998944,1
34601.384577,4,0,0,999058,1
34606.755768,4,0,0,999125,1
34614.460344,4,0,0,999223,1
34627.838171,4,0,0,999227,1
34628.036567,4,0,0,999225,1
34638.002053,4,0,0,999124,1
34639.549540,4,0,0,999121,1
34642.636532,4,0,0,999321,1
34650.252852,4,0,0,999444,1
34656.290779,4,0,0,999404,1
34657.051606,4,0,0,999384,1
34662.190750,4,0,0,999288,1
34662.533796,4,0,0,999299,1
34664.645219,4,0,0,999329,1
34672.655235,4,0,0,999129,1
34675.322955,4,0,0,999170,1
34679.701086,4,0,0,999112,1
34685.927257,4,0,0,999294,1
34694.156705,4,0,0,999320,1
34700.988592,4,0,0,999547,1
34701.022859,4,0,0,999543,1
34703.628772,4,0,0,999520,1
34706.601984,4,0,0,999547,1
34706.874918,4,0,0,999575,1
34710.601735,4,0,0,999631,1
34715.075379,4,0,0,999502,1
34723.502037,4,0,0,999531,1
34737.096496,4,0,0,999540,1
34737.752003,4,0,0,999523,1
34739.004001,4,0,0,999487,1
34744.148894,4,0,0,999687,1
34744.828179,4,0,0,999671,1
34746.040884,4,0,0,999625,1
34750.129423,4,0,0,999690,1
34751.017336,4,0,0,999697,1
34758.303569,4,0,0,999689,1
34767.599428,4,0,0,999810,1
34767.763163,4,0,0,999820,1
34771.399145,4,0,0,999855,1
34779.019945,4,0,0,999989,1
34796.679571,4,0,0,1000051,1
34798.211855,4,0,0,1000013,1
34799.097336,4,0,0,999996,1
34809.102557,4,0,0,999915,1
34819.139894,4,0,0,998881,1
34820.569313,4,0,0,998827,1
34821.621221,4,0,0,998756,1
34824.405829,4,0,0,998768,1
34830.477514,4,0,0,998790,1
34839.399668,4,0,0,999123,1
34840.280401,4,0,0,999155,1
34845.507485,4,0,0,999360,1
34853.391633,4,0,0,999288,1
34857.205464,4,0,0,999424,1
34858.065788,4,0,0,999418,1
34858.238706,4,0,0,999388,1
34859.819150,4,0,0,999365,1
34867.704178,4,0,0,999410,1
34867.923098,4,0,0,999398,1
34867.962535,4,0,0,999405,1
34870.107877,4,0,0,999417,1
34870.422097,4,0,0,999381,1
34871.196049,4,0,0,999422,1
34871.308205,4,0,0,999473,1
34874.863812,4,0,0,999442,1
34880.566444,4,0,0,999641,1
34883.228727,4,0,0,999619,1
34883.919577,4,0,0,999658,1
34885.843553,4,0,0,999706,1
34890.109425,4,0,0,999556,1
34903.610512,4,0,0,999491,1
34927.035275,4,0,0,999390,1
34928.357175,4,0,0,999335,1
34928.408016,4,0,0,999346,1
34936.896008,4,0,0,999421,1
34949.381405,4,0,0,999339,1
34952.314429,4,0,0,999295,1
34959.369550,4,0,0,999552,1
34968.984051,4,0,0,999803,1
34973.480221,4,0,0,999688,1
34983.330066,4,0,0,999689,1
34983.445710,4,0,0,999724,1
34984.960484,4,0,0,999745,1
34986.512310,4,0,0,999837,1
34987.126790,4,0,0,999830,1
34998.674813,4,0,0,999508,1
34998.822574,4,0,0,999505,1
35004.159222,4,0,0,999502,1
35004.513000,4,0,0,999510,1
35006.652086,4,0,0,999514,1
35009.240245,4,0,0,999634,1
35010.197033,4,0,0,999583,1
35013.715515,4,0,0,999453,1
35017.375562,4,0,0,999536,1
35019.198294,4,0,0,999574,1
35025.584069,4,0,0,999536,1
35026.418630,4,0,0,999506,1
35027.440701,4,0,0,999460,1
35029.533132,4,0,0,999588,1
35031.805640,4,0,0,999618,1
35032.909973,4,0,0,999710,1
35044.906446,4,0,0,999738,1
35053.323094,4,0,0,999758,1
35053.863381,4,0,0,999735,1
35056.068011,4,0,0,999871,1
35057.333945,4,0,0,999938,1
35060.200989,4,0,0,999857,1
35061.746851,4,0,0,999908,1
35065.077400,4,0,0,999807,1
35077.308508,4,0,0,999739,1
35079.612919,4,0,0,999830,1
35084.632821,4,0,0,999648,1
35088.960648,4,0,0,999859,1
35095.624633,4,0,0,999993,1
35095.928874,4,0,0,999975,1
35102.457400,4,0,0,1000204,1
35116.433614,4,0,0,1000285,1
35120.856211,4,0,0,1000163,1
35122.477049,4,0,0,1000283,1
35127.810898,4,0,0,1000157,1
35133.761827,4,0,0,1000183,1
35138.868891,4,0,0,1000277,1
35139.628500,4,0,0,1000249,1
35156.978414,4,0,0,1000122,1
35171.842543,4,0,0,1000259,1
35174.484612,4,0,0,1000248,1
35178.789047,4,0,0,1000353,1
35178.982327,4,0,0,1000327,1
35200.383143,4,0,0,1000552,1
35208.546668,4,0,0,1000712,1
35213.383944,4,0,0,1000773,1
35220.227214,4,0,0,1000726,1
35221.222848,4,0,0,1000679,1
35222.980312,4,0,0,1000616,1
35224.332503,4,0,0,1000559,1
35228.665392,4,0,0,1000623,1
35229.126213,4,0,0,1000629,1
35239.927202,4,0,0,1000531,1
35242.892761,4,0,0,1000599,1
35245.705548,4,0,0,1000581,1
35246.234259,4,0,0,1000609,1
35251.754576,4,0,0,1000488,1
35259.869535,4,0,0,1000531,1
35264.616253,4,0,0,1000540,1
35265.940799,4,0,0,1000382,1
35273.297582,4,0,0,1000475,1
35274.050187,4,0,0,1000492,1
35282.444165,4,0,0,1000572,1
35286.598852,4,0,0,1000605,1
35288.231735,4,0,0,1000563,1
35291.673293,4,0,0,1000369,1
35296.411003,4,0,0,1000330,1
35297.841183,4,0,0,1000254,1
35306.811841,4,0,0,1000235,1
35309.425981,4,0,0,1000114,1
35320.079423,4,0,0,1000016,1
35328.705667,4,0,0,999998,1
35329.205826,4,0,0,999977,1
35334.173090,4,0,0,999895,1
35335.950201,4,0,0,1000013,1
35342.654821,4,0,0,1000083,1
35346.394053,4,0,0,999867,1
35349.318215,4,0,0,999807,1
35360.108082,4,0,0,999866,1
35360.389901,4,0,0,999837,1
35364.285136,4,0,0,999889,1
35366.184539,4,0,0,999905,1
35366.356191,4,0,0,999912,1
35373.050430,4,0,0,1000110,1
35376.993664,4,0,0,999911,1
35387.728054,4,0,0,1000113,1
35392.087191,4,0,0,1000181,1
35394.051923,4,0,0,999991,1
35414.197028,4,0,0,999730,1
35414.784848,4,0,0,999709,1
35415.043138,4,0,0,999711,1
35421.348396,4,0,0,999817,1
35423.563568,4,0,0,999906,1
35425.707776,4,0,0,999933,1
35435.706458,4,0,0,999901,1
35437.601471,4,0,0,999947,1
35448.108496,4,0,0,1000028,1
35453.045236,4,0,0,1000032,1
35454.952743,4,0,0,1000108,1
35455.246131,4,0,0,1000133,1
35456.590183,4,0,0,1000129,1
35473.105160,4,0,0,1000300,1
35475.589057,4,0,0,1000179,1
35476.422657,4,0,0,1000148,1
35478.114015,4,0,0,1000142,1
35489.100137,4,0,0,1000129,1
35489.961951,4,0,0,1000155,1
35497.153211,4,0,0,999905,1
35497.845686,4,0,0,999938,1
35513.401432,4,0,0,999910,1
35517.012529,4,0,0,1000018,1
35517.223468,4,0,0,999977,1
35530.000371,4,0,0,999971,1
35532.120388,4,0,0,999955,1
35538.404230,4,0,0,1000081,1
35541.949672,4,0,0,1000074,1
35542.414058,4,0,0,1000087,1
35542.949971,4,0,0,1000105,1
35543.722455,4,0,0,1000138,1
35544.562697,4,0,0,1000130,1
35544.821766,4,0,0,1000111,1
35545.051943,4,0,0,1000110,1
35559.223601,4,0,0,1000078,1
35559.681196,4,0,0,1000082,1
35563.074956,4,0,0,1000021,1
35563.678563,4,0,0,1000021,1
35564.834373,4,0,0,1000038,1
35571.717570,4,0,0,1000134,1
35585.019344,4,0,0,1000296,1
35588.051471,4,0,0,1000239,1
35588.078516,4,0,0,1000248,1
35622.214073,4,0,0,999670,1
35622.448063,4,0,0,999682,1
35624.806475,4,0,0,999651,1
35628.508491,4,0,0,999655,1
35639.135191,4,0,0,999552,1
35647.415294,4,0,0,999583,1
35651.908671,4,0,0,999596,1
35654.339295,4,0,0,999399,1
35662.936869,4,0,0,999413,1
35672.654627,4,0,0,999341,1
35682.477442,4,0,0,999366,1
35688.522038,4,0,0,999413,1
35689.013924,4,0,0,999416,1
35690.709140,4,0,0,999425,1
35693.889658,4,0,0,999468,1
35697.251457,4,0,0,999496,1
35705.802895,4,0,0,999428,1
35707.101117,4,0,0,999374,1
35712.322808,4,0,0,999507,1
35714.563310,4,0,0,999482,1
35721.703683,4,0,0,999433,1
35722.745127,4,0,0,999419,1
35725.839993,4,0,0,999337,1
35726.362553,4,0,0,999388,1
35727.501363,4,0,0,999384,1
35740.579726,4,0,0,999578,1
35742.395486,4,0,0,999479,1
35753.077408,4,0,0,999441,1
35756.628825,4,0,0,999369,1
35756.819142,4,0,0,999385,1
35764.347394,4,0,0,999564,1
35764.602432,4,0,0,999549,1
35772.987209,4,0,0,999446,1
35773.029455,4,0,0,999435,1
35778.388788,4,0,0,999715,1
35779.254823,4,0,0,999715,1
35781.261856,4,0,0,999774,1
35795.852004,4,0,0,999569,1
35799.035419,4,0,0,999629,1
35804.156083,4,0,0,999630,1
35810.608629,4,0,0,999371,1
35811.165273,4,0,0,999386,1
35819.889171,4,0,0,999373,1
35831.612013,4,0,0,999491,1
35832.419434,4,0,0,999500,1
35836.196511,4,0,0,999549,1
35837.790087,4,0,0,999575,1
35844.241004,4,0,0,999550,1
35844.378084,4,0,0,999541,1
35847.812807,4,0,0,999459,1
35855.337208,4,0,0,999431,1
35861.680427,4,0,0,999470,1
35862.227714,4,0,0,999440,1
35870.781060,4,0,0,999615,1
35872.079306,4,0,0,999667,1
35879.962265,4,0,0,999463,1
35883.248138,4,0,0,999331,1
35884.086249,4,0,0,999403,1
35890.416938,4,0,0,999364,1
35898.303013,4,0,0,999224,1
35904.040527,4,0,0,999315,1
35920.044094,4,0,0,998972,1
35921.458536,4,0,0,998993,1
35922.743765,4,0,0,999002,1
35923.505055,4,0,0,999041,1
35927.210696,4,0,0,999115,1
35929.648053,4,0,0,999181,1
35931.756440,4,0,0,999105,1
35934.704507,4,0,0,999111,1
35936.238659,4,0,0,999068,1
35936.259068,4,0,0,999064,1
35939.309601,4,0,0,999104,1
35940.852606,4,0,0,999129,1
35943.708387,4,0,0,999216,1
35956.343447,4,0,0,999320,1
35957.286248,4,0,0,999293,1
35962.136445,4,0,0,999327,1
35967.078920,4,0,0,999369,1
35968.657762,4,0,0,999386,1
35971.700496,4,0,0,999394,1
35988.400361,4,0,0,999237,1
35990.404376,4,0,0,999219,1
35996.360228,4,0,0,999315,1
36005.126519,4,0,0,999291,1
36007.264936,4,0,0,999300,1
36029.236780,4,0,0,999136,1
36033.936237,4,0,0,999150,1
36037.258909,4,0,0,999148,1
36043.257530,4,0,0,999357,1
36045.892995,4,0,0,999468,1
36051.848539,4,0,0,999661,1
36053.384406,4,0,0,999535,1
36065.908740,4,0,0,999504,1
36069.640988,4,0,0,999483,1
36070.963182,4,0,0,999536,1
36073.710846,4,0,0,999586,1
36084.488382,4,0,0,999528,1
36092.353164,4,0,0,999549,1
36095.520190,4,0,0,999508,1
36097.591862,4,0,0,999621,1
36099.848029,4,0,0,999509,1
36118.842084,4,0,0,999877,1
36119.411014,4,0,0,999891,1
36129.919559,4,0,0,999562,1
36139.236628,4,0,0,999379,1
36140.451243,4,0,0,999244,1
36142.505671,4,0,0,999383,1
36146.534959,4,0,0,999232,1
36154.285602,4,0,0,999243,1
36168.647974,4,0,0,999255,1
36191.614359,4,0,0,999437,1
36193.192793,4,0,0,999297,1
36194.214008,4,0,0,999291,1
36197.411321,4,0,0,999305,1
36201.309216,4,0,0,999216,1
36206.419821,4,0,0,999057,1
36206.963933,4,0,0,999121,1
36211.932573,4,0,0,998908,1
36224.088675,4,0,0,998918,1
36235.883193,4,0,0,998969,1
36249.641830,4,0,0,999198,1
36261.856688,4,0,0,999179,1
36277.336781,4,0,0,999086,1
36277.575389,4,0,0,999120,1
36289.416190,4,0,0,999105,1
36290.928455,4,0,0,999123,1
36292.776604,4,0,0,999133,1
36295.709723,4,0,0,999156,1
36310.562824,4,0,0,999326,1
36315.003896,4,0,0,999387,1
36317.082885,4,0,0,999261,1
36319.323064,4,0,0,999261,1
36330.571006,4,0,0,999390,1
36338.830494,4,0,0,999410,1
36339.537761,4,0,0,999371,1
36340.904488,4,0,0,999354,1
36343.127799,4,0,0,999425,1
36344.295520,4,0,0,999493,1
36348.257782,4,0,0,999393,1
36349.467779,4,0,0,999422,1
36353.557014,4,0,0,999441,1
36366.698462,4,0,0,999275,1
36375.724688,4,0,0,999270,1
36376.224401,4,0,0,999282,1
36377.332463,4,0,0,999230,1
36379.876873,4,0,0,999332,1
36384.842427,4,0,0,999414,1
36387.178333,4,0,0,999411,1
36388.563740,4,0,0,999407,1
36390.583766,4,0,0,999354,1
36391.674434,4,0,0,999356,1
36401.136617,4,0,0,999311,1
36406.848017,4,0,0,999417,1
36409.378447,4,0,0,999468,1
36415.140316,4,0,0,999628,1
36418.645993,4,0,0,999544,1
36422.217138,4,0,0,999630,1
36424.405645,4,0,0,999587,1
36427.607563,4,0,0,999582,1
36447.849560,4,0,0,999589,1
36455.185098,4,0,0,999561,1
36463.590822,4,0,0,999593,1
36464.225672,4,0,0,999555,1
36467.579951,4,0,0,999580,1
36469.765024,4,0,0,999474,1
36470.210091,4,0,0,999460,1
36472.614359,4,0,0,999395,1
36472.982819,4,0,0,999450,1
36474.257162,4,0,0,999434,1
36481.920795,4,0,0,999509,1
36487.461078,4,0,0,999411,1
36493.192967,4,0,0,999435,1
36493.588196,4,0,0,999385,1
36494.444320,4,0,0,999443,1
36494.548622,4,0,0,999437,1
36495.039063,4,0,0,999465,1
36495.549164,4,0,0,999460,1
36510.952712,4,0,0,999846,1
36521.678347,4,0,0,999812,1
36522.770458,4,0,0,999675,1
36524.169942,4,0,0,999716,1
36539.662239,4,0,0,1000214,1
36543.696390,4,0,0,1000286,1
36545.893728,4,0,0,1000342,1
36548.897381,4,0,0,1000309,1
36550.416191,4,0,0,1000268,1
36554.603731,4,0,0,1000258,1
36560.779363,4,0,0,1000246,1
36564.242621,4,0,0,1000131,1
36572.457085,4,0,0,1000223,1
36573.031391,4,0,0,1000258,1
36577.455114,4,0,0,1000172,1
36599.281409,4,0,0,1000009,1
36600.053073,4,0,0,1000073,1
36603.319095,4,0,0,1000060,1
36608.073499,4,0,0,999900,1
36610.041803,4,0,0,999834,1
36626.014330,4,0,0,999678,1
36629.190093,4,0,0,999749,1
36632.303914,4,0,0,999880,1
36643.439323,4,0,0,999920,1
36643.515986,4,0,0,999903,1
36653.227424,4,0,0,999855,1
36653.888009,4,0,0,999837,1
36656.166613,4,0,0,999841,1
36659.370752,4,0,0,999971,1
36662.464991,4,0,0,999876,1
36662.657177,4,0,0,999877,1
36664.480351,4,0,0,999835,1
36666.589724,4,0,0,999828,1
36681.539889,4,0,0,999895,1
36693.436059,4,0,0,999749,1
36697.632461,4,0,0,999738,1
36710.579406,4,0,0,999720,1
36720.105888,4,0,0,1000148,1
36722.358036,4,0,0,1000331,1
36722.952632,4,0,0,1000299,1
36727.418566,4,0,0,1000318,1
36729.283234,4,0,0,1000399,1
36729.330032,4,0,0,1000406,1
36748.320019,4,0,0,1000601,1
36764.967393,4,0,0,1000712,1
36768.646130,4,0,0,1000724,1
36773.248414,4,0,0,1000566,1
36778.531436,4,0,0,1000660,1
36791.012000,4,0,0,1000769,1
36794.024302,4,0,0,1000695,1
36798.203823,4,0,0,1000690,1
36799.431714,4,0,0,1000639,1
36800.758630,4,0,0,1000683,1
36804.288083,4,0,0,1000706,1
36805.532473,4,0,0,1000769,1
36805.679314,4,0,0,1000775,1
36807.875780,4,0,0,1000742,1
36814.501218,4,0,0,1000857,1
36816.052056,4,0,0,1000772,1
36825.543299,4,0,0,1000639,1
36831.338328,4,0,0,1000500,1
36836.402023,4,0,0,1000396,1
36847.061938,4,0,0,1000475,1
36847.428454,4,0,0,1000450,1
36848.369858,4,0,0,1000464,1
36859.841235,4,0,0,1000734,1
36871.196401,4,0,0,1000557,1
36871.585971,4,0,0,1000529,1
36878.699784,4,0,0,1000337,1
36878.774126,4,0,0,1000312,1
36879.468651,4,0,0,1000292,1
36880.024397,4,0,0,1000303,1
36881.688476,4,0,0,1000320,1
36884.037663,4,0,0,1000280,1
36895.594282,4,0,0,1000107,1
36898.335165,4,0,0,1000272,1
36898.967162,4,0,0,1000245,1
36900.486884,4,0,0,1000341,1
36900.517463,4,0,0,1000365,1
36900.653455,4,0,0,1000392,1
36903.349351,4,0,0,1000426,1
36906.780558,4,0,0,1000333,1
36908.155433,4,0,0,1000333,1
36910.439615,4,0,0,1000347,1
36910.961165,4,0,0,1000350,1
36916.101336,4,0,0,1000457,1
36918.484534,4,0,0,1000383,1
36919.326632,4,0,0,1000388,1
36922.615024,4,0,0,1000529,1
36923.731953,4,0,0,1000578,1
36925.383414,4,0,0,1000584,1
36926.017164,4,0,0,1000583,1
36933.270592,4,0,0,1000246,1
36934.836298,4,0,0,1000300,1
36949.731943,4,0,0,1000088,1
36952.217161,4,0,0,1000047,1
36953.023303,4,0,0,1000105,1
36958.862083,4,0,0,1000156,1
36965.184107,4,0,0,1000213,1
36975.371824,4,0,0,999988,1
36976.045814,4,0,0,1000035,1
36983.503115,4,0,0,999878,1
36992.892916,4,0,0,1000049,1
36994.628776,4,0,0,1000091,1
36997.525550,4,0,0,1000053,1
37002.146100,4,0,0,1000071,1
37003.492710,4,0,0,1000121,1
37013.295083,4,0,0,1000121,1
37019.037252,4,0,0,999944,1
37028.323342,4,0,0,999961,1
37031.180265,4,0,0,999881,1
37034.678673,4,0,0,999867,1
37035.711092,4,0,0,999907,1
37037.512737,4,0,0,999860,1
37043.762722,4,0,0,999689,1
37059.031824,4,0,0,999803,1
37059.820505,4,0,0,999735,1
37060.068926,4,0,0,999697,1
37060.402739,4,0,0,999687,1
37063.135775,4,0,0,999761,1
37070.656865,4,0,0,999865,1
37071.874493,4,0,0,999820,1
37074.973971,4,0,0,999776,1
37078.436775,4,0,0,999881,1
37087.128362,4,0,0,999815,1
37087.984777,4,0,0,999895,1
37088.055655,4,0,0,999888,1
37091.432948,4,0,0,999812,1
37093.530824,4,0,0,999831,1
37095.182528,4,0,0,999980,1
37102.254300,4,0,0,1000004,1
37107.752868,4,0,0,999945,1
37108.171932,4,0,0,999936,1
37111.968694,4,0,0,999915,1
37119.610570,4,0,0,999941,1
37131.103814,4,0,0,1000041,1
37131.104698,4,0,0,1000043,1
37138.981753,4,0,0,999856,1
37139.193081,4,0,0,999864,1
37144.671359,4,0,0,999732,1
37149.027472,4,0,0,999626,1
37163.543824,4,0,0,999588,1
37168.320688,4,0,0,999844,1
37168.667263,4,0,0,999895,1
37173.972438,4,0,0,999697,1
37175.379021,4,0,0,999643,1
37183.903950,4,0,0,999807,1
37184.056756,4,0,0,999808,1
37185.929384,4,0,0,999703,1
37191.322935,4,0,0,999773,1
37192.131568,4,0,0,999733,1
37197.099074,4,0,0,999612,1
37202.810049,4,0,0,999483,1
37209.136013,4,0,0,999377,1
37219.088579,4,0,0,999499,1
37221.636383,4,0,0,999604,1
37222.371137,4,0,0,999586,1
37223.812428,4,0,0,999560,1
37226.172700,4,0,0,999605,1
37226.440970,4,0,0,999644,1
37232.334150,4,0,0,999604,1
37232.645248,4,0,0,999645,1
37232.929376,4,0,0,999634,1
37245.814443,4,0,0,999874,1
37253.659214,4,0,0,999904,1
37255.057852,4,0,0,999998,1
37257.056403,4,0,0,999872,1
37265.412983,4,0,0,999837,1
37270.028428,4,0,0,999916,1
37271.499581,4,0,0,999848,1
37274.348726,4,0,0,999933,1
37283.597491,4,0,0,999588,1
37283.600797,4,0,0,999586,1
37306.921463,4,0,0,999718,1
37310.910648,4,0,0,999670,1
37311.871033,4,0,0,999649,1
37319.568757,4,0,0,999763,1
37319.947593,4,0,0,999792,1
37322.469679,4,0,0,999879,1
37326.538802,4,0,0,999944,1
37327.896074,4,0,0,999967,1
37338.244056,4,0,0,1000323,1
37343.949812,4,0,0,1000200,1
37344.793636,4,0,0,1000197,1
37345.585117,4,0,0,1000172,1
37345.890722,4,0,0,1000145,1
37349.941586,4,0,0,1000160,1
37350.932731,4,0,0,1000166,1
37354.675634,4,0,0,1000067,1
37362.858382,4,0,0,1000181,1
37372.960888,4,0,0,999948,1
37373.552148,4,0,0,1000027,1
37375.482421,4,0,0,999967,1
37378.064637,4,0,0,999868,1
37380.376069,4,0,0,999927,1
37382.970224,4,0,0,999952,1
37385.915483,4,0,0,999940,1
37392.668881,4,0,0,1000182,1
37394.411602,4,0,0,1000251,1
37396.422631,4,0,0,1000148,1
37398.787285,4,0,0,1000072,1
37399.570983,4,0,0,1000040,1
37404.328335,4,0,0,1000119,1
37406.772042,4,0,0,1000089,1
37418.620498,4,0,0,1000403,1
37426.854983,4,0,0,1000423,1
37428.105423,4,0,0,1000438,1
37429.431807,4,0,0,1000473,1
37436.718928,4,0,0,1000500,1
37440.641987,4,0,0,1000322,1
37440.691045,4,0,0,1000328,1
37445.442060,4,0,0,1000380,1
37447.843451,4,0,0,1000440,1
37455.195626,4,0,0,1000624,1
37461.762205,4,0,0,1000473,1
37473.976351,4,0,0,1000348,1
37479.719977,4,0,0,1000425,1
37491.390830,4,0,0,1000439,1
37492.992083,4,0,0,1000334,1
37494.968954,4,0,0,1000435,1
37495.260657,4,0,0,1000390,1
37504.901562,4,0,0,1000525,1
37505.702180,4,0,0,1000522,1
37509.533083,4,0,0,1000542,1
37512.935053,4,0,0,1000643,1
37520.973386,4,0,0,1000580,1
37523.320394,4,0,0,1000661,1
37524.056161,4,0,0,1000584,1
37526.364985,4,0,0,1000675,1
37526.600365,4,0,0,1000679,1
37528.315319,4,0,0,1000719,1
37533.067880,4,0,0,1000779,1
37533.349139,4,0,0,1000787,1
37555.218810,4,0,0,1001297,1
37558.891181,4,0,0,1001217,1
37560.596578,4,0,0,1001189,1
37569.174224,4,0,0,1001351,1
37569.881089,4,0,0,1001328,1
37571.738381,4,0,0,1001221,1
37584.964663,4,0,0,1001755,1
37586.276050,4,0,0,1001727,1
37592.586137,4,0,0,1001664,1
37592.989538,4,0,0,1001632,1
37596.623780,4,0,0,1001707,1
37601.754008,4,0,0,1001738,1
37602.879085,4,0,0,1001723,1
37604.776490,4,0,0,1001623,1
37608.598768,4,0,0,1001549,1
37612.860431,4,0,0,1001628,1
37613.661048,4,0,0,1001632,1
37616.189413,4,0,0,1001563,1
37655.520758,4,0,0,1000751,1
37657.381372,4,0,0,1000762,1
37664.736715,4,0,0,1000795,1
37665.812994,4,0,0,1000830,1
37668.768945,4,0,0,1000874,1
37672.259124,4,0,0,1000864,1
37676.591647,4,0,0,1000916,1
37682.636523,4,0,0,1000780,1
37690.232880,4,0,0,1000712,1
37695.990511,4,0,0,1000580,1
37703.858891,4,0,0,1000787,1
37714.237327,4,0,0,1000727,1
37716.124004,4,0,0,1000793,1
37724.518894,4,0,0,1000596,1
37728.027049,4,0,0,1000576,1
37729.462637,4,0,0,1000444,1
37730.371027,4,0,0,1000430,1
37737.282084,4,0,0,1000345,1
37742.121076,4,0,0,1000248,1
37742.471725,4,0,0,1000232,1
37746.703970,4,0,0,1000118,1
37746.921791,4,0,0,1000084,1
37749.294380,4,0,0,1000098,1
37753.341483,4,0,0,1000212,1
37758.362292,4,0,0,1000028,1
37759.183498,4,0,0,1000022,1
37759.402771,4,0,0,1000010,1
37763.504383,4,0,0,1000000,1
37771.668943,4,0,0,1000054,1
37779.281753,4,0,0,999990,1
37781.412465,4,0,0,1000057,1
37785.524544,4,0,0,1000082,1
37791.587143,4,0,0,1000308,1
37801.458095,4,0,0,1000267,1
37804.691958,4,0,0,1000261,1
37814.650851,4,0,0,1000519,1
37816.478380,4,0,0,1000573,1
37817.661444,4,0,0,1000501,1
37819.326388,4,0,0,1000560,1
37825.580886,4,0,0,1000470,1
37835.925020,4,0,0,1000482,1
37838.970412,4,0,0,1000442,1
37844.660797,4,0,0,1000655,1
37845.375142,4,0,0,1000645,1
37848.759942,4,0,0,1000653,1
37851.487641,4,0,0,1000658,1
37854.188042,4,0,0,1000688,1
37855.183764,4,0,0,1000674,1
37859.843927,4,0,0,1000727,1
37865.173446,4,0,0,1000885,1
37870.008375,4,0,0,1000808,1
37876.498331,4,0,0,1000917,1
37879.428000,4,0,0,1000770,1
37888.579796,4,0,0,1000639,1
37892.627467,4,0,0,1000559,1
37902.834975,4,0,0,1000579,1
37905.358313,4,0,0,1000498,1
37911.115513,4,0,0,1000647,1
37912.163087,4,0,0,1000628,1
37912.577613,4,0,0,1000624,1
37925.392584,4,0,0,1000625,1
37927.607474,4,0,0,1000625,1
37927.831062,4,0,0,1000652,1
37932.436700,4,0,0,1000550,1
37945.376012,4,0,0,1000638,1
37952.380512,4,0,0,1000790,1
37973.230861,4,0,0,1000884,1
37986.304966,4,0,0,1000755,1
37989.210962,4,0,0,1000632,1
37990.484618,4,0,0,1000651,1
37990.807095,4,0,0,1000638,1
37992.325339,4,0,0,1000659,1
37997.105749,4,0,0,1000622,1
38008.663304,4,0,0,1000854,1
38008.671475,4,0,0,1000854,1
38016.801873,4,0,0,1001052,1
38023.713250,4,0,0,1001074,1
38029.326679,4,0,0,1001015,1
38029.980703,4,0,0,1001015,1
38030.242293,4,0,0,1001015,1
38036.622002,4,0,0,1001150,1
38041.524244,4,0,0,1001172,1
38043.732000,4,0,0,1001192,1
38045.758223,4,0,0,1001171,1
38045.916862,4,0,0,1001138,1
38069.940622,4,0,0,1001258,1
38078.601084,4,0,0,1001017,1
38096.081653,4,0,0,1001230,1
38104.226556,4,0,0,1001314,1
38107.161782,4,0,0,1001338,1
38116.078365,4,0,0,1001361,1
38117.135188,4,0,0,1001356,1
38122.470575,4,0,0,1001137,1
38123.764926,4,0,0,1001121,1
38126.147116,4,0,0,1001036,1
38135.961550,4,0,0,1001163,1
38138.606325,4,0,0,1001204,1
38149.321369,4,0,0,1000904,1
38153.695976,4,0,0,1001123,1
38155.358367,4,0,0,1001110,1
38156.799955,4,0,0,1001104,1
38156.816111,4,0,0,1001107,1
38160.873667,4,0,0,1001001,1
38169.590862,4,0,0,1001124,1
38170.807511,4,0,0,1001072,1
38173.926327,4,0,0,1001079,1
38193.661475,4,0,0,1000674,1
38196.050829,4,0,0,1000539,1
38209.376771,4,0,0,1000678,1
38217.751812,4,0,0,1000688,1
38221.013827,4,0,0,1000503,1
38225.836159,4,0,0,1000573,1
38226.160399,4,0,0,1000593,1
38229.633378,4,0,0,1000722,1
38236.453671,4,0,0,1000837,1
38237.705271,4,0,0,1000874,1
38237.957940,4,0,0,1000860,1
38238.100585,4,0,0,1000886,1
38238.935791,4,0,0,1000899,1
38240.233575,4,0,0,1000850,1
38248.057564,4,0,0,1000911,1
38250.995102,4,0,0,1000892,1
38254.660977,4,0,0,1000877,1
38256.456193,4,0,0,1000888,1
38258.153105,4,0,0,1000878,1
38262.007139,4,0,0,1000961,1
38268.553783,4,0,0,1001054,1
38269.506403,4,0,0,1001050,1
38272.232482,4,0,0,1001024,1
38277.170551,4,0,0,1000865,1
38292.568009,4,0,0,1001011,1
38294.068423,4,0,0,1001020,1
38296.453655,4,0,0,1000985,1
38300.480083,4,0,0,1000894,1
38301.211575,4,0,0,1000989,1
38305.731905,4,0,0,1000946,1
38323.262084,4,0,0,1001007,1
38324.788850,4,0,0,1001084,1
38327.919967,4,0,0,1001110,1
38328.518200,4,0,0,1001070,1
38332.007294,4,0,0,1001153,1
38349.026741,4,0,0,1001467,1
38352.763305,4,0,0,1001427,1
38353.911291,4,0,0,1001421,1
38355.690224,4,0,0,1001392,1
38360.396562,4,0,0,1001294,1
38369.694018,4,0,0,1001269,1
38372.581650,4,0,0,1001265,1
38375.801363,4,0,0,1001321,1
38383.723467,4,0,0,1001111,1
38384.255288,4,0,0,1001128,1
38398.695477,4,0,0,1001110,1
38401.683214,4,0,0,1001072,1
38403.609282,4,0,0,1001034,1
38410.815301,4,0,0,1000973,1
38412.231852,4,0,0,1001005,1
38412.988696,4,0,0,1001000,1
38414.415861,4,0,0,1001048,1
38419.752069,4,0,0,1001103,1
38420.259241,4,0,0,1001083,1
38423.128292,4,0,0,1001176,1
38424.412252,4,0,0,1001106,1
38428.183431,4,0,0,1001240,1
38428.894816,4,0,0,1001317,1
38436.003016,4,0,0,1001561,1
38448.315685,4,0,0,1001698,1
38450.154649,4,0,0,1001703,1
38452.246840,4,0,0,1001761,1
38456.603883,4,0,0,1001653,1
38463.021220,4,0,0,1001563,1
38463.308214,4,0,0,1001565,1
38468.677338,4,0,0,1001315,1
38476.723723,4,0,0,1001261,1
38484.241355,4,0,0,1001024,1
38487.000964,4,0,0,1001061,1
38495.271843,4,0,0,1001102,1
38499.057758,4,0,0,1001142,1
38500.045717,4,0,0,1001167,1
38501.654205,4,0,0,1001124,1
38505.948049,4,0,0,1000991,1
38509.791276,4,0,0,1001057,1
38517.536494,4,0,0,1001161,1
38523.534879,4,0,0,1001037,1
38524.680184,4,0,0,1000974,1
38527.101154,4,0,0,1000974,1
38534.297023,4,0,0,1001064,1
38537.225764,4,0,0,1001097,1
38538.444336,4,0,0,1001104,1
38551.666418,4,0,0,1001205,1
38554.516051,4,0,0,1001193,1
38556.280924,4,0,0,1001262,1
38559.703027,4,0,0,1001329,1
38561.414209,4,0,0,1001294,1
38562.921040,4,0,0,1001355,1
38568.099334,4,0,0,1001414,1
38575.679859,4,0,0,1001421,1
38578.192488,4,0,0,1001378,1
38579.031250,4,0,0,1001451,1
38582.118524,4,0,0,1001438,1
38584.573040,4,0,0,1001432,1
38587.308105,4,0,0,1001280,1
38588.619133,4,0,0,1001252,1
38595.635824,4,0,0,1001297,1
38596.715779,4,0,0,1001300,1
38596.904173,4,0,0,1001304,1
38602.660974,4,0,0,1001238,1
38609.146191,4,0,0,1001182,1
38610.450203,4,0,0,1001161,1
38611.360514,4,0,0,1001196,1
38615.513217,4,0,0,1001222,1
38627.564169,4,0,0,1001364,1
38628.964744,4,0,0,1001482,1
38632.676595,4,0,0,1001599,1
38634.144242,4,0,0,1001611,1
38640.613644,4,0,0,1001369,1
38643.622247,4,0,0,1001271,1
38645.899218,4,0,0,1001222,1
38651.001975,4,0,0,1001110,1
38654.625442,4,0,0,1001078,1
38655.698941,4,0,0,1001076,1
38658.271622,4,0,0,1001059,1
38673.256181,4,0,0,1000943,1
38680.976503,4,0,0,1000689,1
38684.406930,4,0,0,1000714,1
38689.570157,4,0,0,1000662,1
38690.304290,4,0,0,1000693,1
38692.852316,4,0,0,1000614,1
38703.617104,4,0,0,1000526,1
38704.613271,4,0,0,1000472,1
38723.795519,4,0,0,1000412,1
38732.803935,4,0,0,1000360,1
38738.342857,4,0,0,1000203,1
38740.578964,4,0,0,1000026,1
38741.040694,4,0,0,1000017,1
38742.709436,4,0,0,1000033,1
38749.166803,4,0,0,999925,1
38751.783980,4,0,0,999824,1
38759.546572,4,0,0,999773,1
38760.708526,4,0,0,999759,1
38769.005793,4,0,0,1000070,1
38778.407624,4,0,0,999912,1
38784.530056,4,0,0,999708,1
38785.620727,4,0,0,999715,1
38786.826125,4,0,0,999692,1
38787.143777,4,0,0,999715,1
38787.395511,4,0,0,999741,1
38793.817449,4,0,0,999676,1
38797.050272,4,0,0,999722,1
38803.902082,4,0,0,999736,1
38805.490598,4,0,0,999715,1
38807.515059,4,0,0,999696,1
38818.274725,4,0,0,999783,1
38846.696030,4,0,0,999859,1
38847.208988,4,0,0,999855,1
38854.430296,4,0,0,999697,1
38858.312925,4,0,0,999569,1
38858.334718,4,0,0,999558,1
38862.916570,4,0,0,999637,1
38864.486342,4,0,0,999637,1
38866.549627,4,0,0,999611,1
38883.197436,4,0,0,999305,1
38889.685936,4,0,0,999394,1
38889.953923,4,0,0,999380,1
38895.415017,4,0,0,999164,1
38895.477544,4,0,0,999159,1
38905.865721,4,0,0,999104,1
38910.206110,4,0,0,999025,1
38914.969258,4,0,0,999143,1
38915.048537,4,0,0,999153,1
38915.466812,4,0,0,999094,1
38919.036853,4,0,0,999270,1
38921.335256,4,0,0,999174,1
38929.486941,4,0,0,999453,1
38931.083634,4,0,0,999455,1
38933.522718,4,0,0,999421,1
38934.133754,4,0,0,999406,1
38937.474523,4,0,0,999481,1
38952.300039,4,0,0,999462,1
38953.777564,4,0,0,999429,1
38961.256427,4,0,0,999280,1
38962.112402,4,0,0,999345,1
38972.488376,4,0,0,999459,1
38975.923944,4,0,0,999538,1
38976.566641,4,0,0,999532,1
38983.863125,4,0,0,999350,1
38994.310164,4,0,0,999365,1
38995.059311,4,0,0,999428,1
38995.656339,4,0,0,999423,1
38997.040317,4,0,0,999541,1
39000.498647,4,0,0,999580,1
39014.828808,4,0,0,999293,1
39024.247329,4,0,0,999298,1
39026.123425,4,0,0,999380,1
39026.304931,4,0,0,999354,1
39030.633782,4,0,0,999361,1
39034.721191,4,0,0,999337,1
39036.042681,4,0,0,999360,1
39040.465291,4,0,0,999335,1
39059.561845,4,0,0,999109,1
39060.307224,4,0,0,999054,1
39062.114294,4,0,0,999148,1
39071.117126,4,0,0,999098,1
39071.945842,4,0,0,999181,1
39072.604755,4,0,0,999185,1
39073.507069,4,0,0,999149,1
39080.525838,4,0,0,999317,1
39081.177412,4,0,0,999315,1
39081.634127,4,0,0,999265,1
39086.347503,4,0,0,999232,1
39093.307127,4,0,0,999249,1
39100.056525,4,0,0,999286,1
39102.769545,4,0,0,999248,1
39114.643594,4,0,0,999381,1
39115.425359,4,0,0,999362,1
39118.209897,4,0,0,999494,1
39120.413021,4,0,0,999579,1
39124.189545,4,0,0,999548,1
39125.216082,4,0,0,999604,1
39125.976770,4,0,0,999621,1
39145.554913,4,0,0,999729,1
39147.274360,4,0,0,999745,1
39150.584755,4,0,0,999657,1
39162.439815,4,0,0,999863,1
39164.162865,4,0,0,999851,1
39166.345637,4,0,0,999800,1
39170.304323,4,0,0,999753,1
39170.641263,4,0,0,999764,1
39170.754332,4,0,0,999757,1
39175.542629,4,0,0,999700,1
39177.757850,4,0,0,999658,1
39178.153824,4,0,0,999667,1
39179.768345,4,0,0,999734,1
39185.420195,4,0,0,999674,1
39192.233983,4,0,0,999601,1
39195.599094,4,0,0,999448,1
39196.791424,4,0,0,999474,1
39205.536132,4,0,0,999663,1
39206.648946,4,0,0,999654,1
39213.409522,4,0,0,999534,1
39214.204527,4,0,0,999534,1
39227.259238,4,0,0,999644,1
39234.354861,4,0,0,999657,1
39237.679971,4,0,0,999710,1
39240.402009,4,0,0,999756,1
39244.469380,4,0,0,999847,1
39249.641782,4,0,0,999869,1
39253.543122,4,0,0,999817,1
39259.231926,4,0,0,999858,1
39259.670566,4,0,0,999852,1
39262.251092,4,0,0,1000022,1
39268.944627,4,0,0,1000089,1
39271.702113,4,0,0,1000045,1
39288.570491,4,0,0,1000008,1
39292.220198,4,0,0,999865,1
39294.000488,4,0,0,999911,1
39304.642702,4,0,0,999971,1
39307.264825,4,0,0,1000118,1
39311.041346,4,0,0,1000066,1
39315.943120,4,0,0,1000034,1
39325.206754,4,0,0,1000073,1
39326.330112,4,0,0,1000031,1
39336.224193,4,0,0,1000029,1
39340.300034,4,0,0,999967,1
39342.481662,4,0,0,1000053,1
39344.433513,4,0,0,1000068,1
39363.578747,4,0,0,1000656,1
39377.627028,4,0,0,1000702,1
39381.397419,4,0,0,1000667,1
39383.429932,4,0,0,1000708,1
39400.853015,4,0,0,1000733,1
39400.931770,4,0,0,1000730,1
39401.171548,4,0,0,1000706,1
39404.358438,4,0,0,1000528,1
39408.585326,4,0,0,1000406,1
39408.616727,4,0,0,1000407,1
39409.609213,4,0,0,1000392,1
39410.040124,4,0,0,1000444,1
39411.413984,4,0,0,1000527,1
39412.379379,4,0,0,1000517,1
39413.013748,4,0,0,1000504,1
39413.676449,4,0,0,1000489,1
39415.895553,4,0,0,1000477,1
39416.554294,4,0,0,1000435,1
39423.650995,4,0,0,1000549,1
39426.114962,4,0,0,1000687,1
39426.708792,4,0,0,1000700,1
39431.745412,4,0,0,1000720,1
39439.164151,4,0,0,1000709,1
39441.294819,4,0,0,1000581,1
39441.324233,4,0,0,1000585,1
39446.344677,4,0,0,1000673,1
39453.048067,4,0,0,1000723,1
39463.568139,4,0,0,1000780,1
39469.537407,4,0,0,1000703,1
39473.879721,4,0,0,1000784,1
39475.888275,4,0,0,1000795,1
39477.224257,4,0,0,1000853,1
39477.544874,4,0,0,1000857,1
39485.723154,4,0,0,1001085,1
39489.650743,4,0,0,1001099,1
39491.273704,4,0,0,1001062,1
39491.910072,4,0,0,1001031,1
39493.536157,4,0,0,1001134,1
39500.313831,4,0,0,1001102,1
39501.475749,4,0,0,1001094,1
39501.731523,4,0,0,1001083,1
39504.016902,4,0,0,1001084,1
39505.972815,4,0,0,1001167,1
39511.680868,4,0,0,1001171,1
39515.561905,4,0,0,1001242,1
39518.621133,4,0,0,1001232,1
39536.463956,4,0,0,1001168,1
39545.348447,4,0,0,1001149,1
39546.003978,4,0,0,1001162,1
39547.368878,4,0,0,1001138,1
39549.967435,4,0,0,1001232,1
39550.322159,4,0,0,1001193,1
39557.106912,4,0,0,1001359,1
39564.094160,4,0,0,1001269,1
39565.747616,4,0,0,1001386,1
39577.017071,4,0,0,1001593,1
39580.860397,4,0,0,1001537,1
39582.070239,4,0,0,1001386,1
39586.714121,4,0,0,1001566,1
39592.050892,4,0,0,1001536,1
39598.094002,4,0,0,1001642,1
39615.074374,4,0,0,1001510,1
39626.781899,4,0,0,1001562,1
39629.330602,4,0,0,1001376,1
39632.032864,4,0,0,1001355,1
39632.146304,4,0,0,1001364,1
39634.729532,4,0,0,1001352,1
39635.661535,4,0,0,1001334,1
39636.273493,4,0,0,1001341,1
39644.361165,4,0,0,1001366,1
39644.466586,4,0,0,1001368,1
39645.127084,4,0,0,1001361,1
39650.345553,4,0,0,1001278,1
39654.348540,4,0,0,1001236,1
39657.027332,4,0,0,1001157,1
39664.905180,4,0,0,1001241,1
39666.205218,4,0,0,1001213,1
39667.311560,4,0,0,1001219,1
39670.757435,4,0,0,1001243,1
39671.296525,4,0,0,1001263,1
39676.880589,4,0,0,1001411,1
39689.946978,4,0,0,1001577,1
39697.921235,4,0,0,1001805,1
39708.104481,4,0,0,1001660,1
39708.466560,4,0,0,1001677,1
39711.103721,4,0,0,1001517,1
39722.252723,4,0,0,1001758,1
39731.053379,4,0,0,1001764,1
39735.359633,4,0,0,1001745,1
39740.438507,4,0,0,1001866,1
39741.916780,4,0,0,1001834,1
39743.389980,4,0,0,1001864,1
39743.719997,4,0,0,1001835,1
39754.819530,4,0,0,1001729,1
39756.449830,4,0,0,1001803,1
39779.838667,4,0,0,1001932,1
39779.871415,4,0,0,1001924,1
39787.543623,4,0,0,1001922,1
39791.110118,4,0,0,1002129,1
39791.315322,4,0,0,1002160,1
39796.517090,4,0,0,1002151,1
39802.311402,4,0,0,1002224,1
39808.060281,4,0,0,1002362,1
39813.750872,4,0,0,1002314,1
39819.170047,4,0,0,1002252,1
39826.145056,4,0,0,1002300,1
39828.430880,4,0,0,1002286,1
39843.551207,4,0,0,1002394,1
39846.702730,4,0,0,1002478,1
39848.192794,4,0,0,1002665,1
39871.807887,4,0,0,1002396,1
39873.374957,4,0,0,1002400,1
39876.152873,4,0,0,1002344,1
39881.871958,4,0,0,1002355,1
39889.520806,4,0,0,1002241,1
39891.340777,4,0,0,1002386,1
39891.512400,4,0,0,1002378,1
39895.636931,4,0,0,1002336,1
39899.921988,4,0,0,1002292,1
39906.172902,4,0,0,1002098,1
39907.618548,4,0,0,1002157,1
39915.834551,4,0,0,1001913,1
39922.942061,4,0,0,1001867,1
39932.396799,4,0,0,1001947,1
39939.139616,4,0,0,1001923,1
39944.484382,4,0,0,1001563,1
39948.345205,4,0,0,1001642,1
39957.656984,4,0,0,1001788,1
39958.881306,4,0,0,1001716,1
39964.108971,4,0,0,1001630,1
39971.617103,4,0,0,1001590,1
39978.741564,4,0,0,1001676,1
39979.405132,4,0,0,1001651,1
39981.205636,4,0,0,1001671,1
39994.108803,4,0,0,1001672,1
40001.229817,4,0,0,1001356,1
40002.033076,4,0,0,1001380,1
40005.189085,4,0,0,1001418,1
40013.148007,4,0,0,1001413,1
40022.529774,4,0,0,1001331,1
40026.038009,4,0,0,1001378,1
40026.549321,4,0,0,1001444,1
40027.732989,4,0,0,1001464,1
40027.851283,4,0,0,1001470,1
40028.717426,4,0,0,1001493,1
40029.018914,4,0,0,1001493,1
40034.773995,4,0,0,1001604,1
40040.544403,4,0,0,1001579,1
40043.344320,4,0,0,1001501,1
40053.517799,4,0,0,1001498,1
40054.273808,4,0,0,1001550,1
40055.304750,4,0,0,1001478,1
40059.822909,4,0,0,1001378,1
40063.412378,4,0,0,1001439,1
40064.035311,4,0,0,1001402,1
40075.380850,4,0,0,1001507,1
40080.029119,4,0,0,1001431,1
40084.504973,4,0,0,1001553,1
40086.737170,4,0,0,1001589,1
40091.191797,4,0,0,1001405,1
40091.546443,4,0,0,1001410,1
40093.259601,4,0,0,1001498,1
40098.055961,4,0,0,1001439,1
40102.420476,4,0,0,1001645,1
40105.989213,4,0,0,1001541,1
40106.249995,4,0,0,1001541,1
40108.104922,4,0,0,1001636,1
40128.027723,4,0,0,1001497,1
40141.737033,4,0,0,1001703,1
40149.939885,4,0,0,1001855,1
40150.254817,4,0,0,1001865,1
40150.619640,4,0,0,1001901,1
40151.762560,4,0,0,1001937,1
40160.169855,4,0,0,1001892,1
40161.259986,4,0,0,1001940,1
40162.480245,4,0,0,1001882,1
40163.922100,4,0,0,1002057,1
40170.237987,4,0,0,1002249,1
40173.822448,4,0,0,1002323,1
40183.238513,4,0,0,1002283,1
40183.616556,4,0,0,1002287,1
40183.869564,4,0,0,1002283,1
40192.820165,4,0,0,1002279,1
40193.371649,4,0,0,1002320,1
40199.370796,4,0,0,1002371,1
40203.805576,4,0,0,1002430,1
40204.915714,4,0,0,1002406,1
40206.356372,4,0,0,1002370,1
40212.790727,4,0,0,1002480,1
40212.895562,4,0,0,1002510,1
40227.790134,4,0,0,1002658,1
40228.009882,4,0,0,1002662,1
40228.852769,4,0,0,1002655,1
40233.735620,4,0,0,1002403,1
40234.316233,4,0,0,1002386,1
40263.303136,4,0,0,1002380,1
40266.015274,4,0,0,1002295,1
40266.356783,4,0,0,1002295,1
40267.218849,4,0,0,1002327,1
40270.954192,4,0,0,1002463,1
40280.717311,4,0,0,1002469,1
40282.137556,4,0,0,1002526,1
40284.574361,4,0,0,1002606,1
40288.597077,4,0,0,1002666,1
40293.624666,4,0,0,1002690,1
40299.765656,4,0,0,1002705,1
40301.642659,4,0,0,1002738,1
40303.856031,4,0,0,1002793,1
40313.742630,4,0,0,1002537,1
40325.049026,4,0,0,1002840,1
40327.631440,4,0,0,1002789,1
40354.730760,4,0,0,1002769,1
40355.651316,4,0,0,1002707,1
40363.936268,4,0,0,1002570,1
40375.389419,4,0,0,1002489,1
40379.364636,4,0,0,1002406,1
40384.992620,4,0,0,1002536,1
40385.288882,4,0,0,1002532,1
40394.128029,4,0,0,1002608,1
40399.622010,4,0,0,1002432,1
40403.750741,4,0,0,1002252,1
40407.911434,4,0,0,1002331,1
40408.744472,4,0,0,1002351,1
40417.727465,4,0,0,1002375,1
40421.327581,4,0,0,1002471,1
40425.802997,4,0,0,1002417,1
40426.694124,4,0,0,1002453,1
40431.422529,4,0,0,1002548,1
40432.723999,4,0,0,1002576,1
40439.593108,4,0,0,1002615,1
40439.726984,4,0,0,1002626,1
40440.362106,4,0,0,1002640,1
40441.495731,4,0,0,1002624,1
40443.945036,4,0,0,1002662,1
40453.722467,4,0,0,1003005,1
40453.755095,4,0,0,1003013,1
40457.635461,4,0,0,1002863,1
40457.810744,4,0,0,1002845,1
40460.092815,4,0,0,1002925,1
40461.785199,4,0,0,1002968,1
40462.642231,4,0,0,1003038,1
40465.761884,4,0,0,1003060,1
40467.761254,4,0,0,1003028,1
40469.212599,4,0,0,1003007,1
40473.734192,4,0,0,1003080,1
40475.073427,4,0,0,1002969,1
40492.166382,4,0,0,1002879,1
40493.538246,4,0,0,1002881,1
40514.903910,4,0,0,1003082,1
40515.745134,4,0,0,1003118,1
40530.055536,4,0,0,1003266,1
40530.365227,4,0,0,1003264,1
40530.400851,4,0,0,1003272,1
40530.891131,4,0,0,1003308,1
40536.761855,4,0,0,1003240,1
40538.027658,4,0,0,1003198,1
40539.568973,4,0,0,1003127,1
40544.916750,4,0,0,1003149,1
40545.059880,4,0,0,1003130,1
40548.774422,4,0,0,1003050,1
40551.218870,4,0,0,1003148,1
40552.060014,4,0,0,1003118,1
40563.663078,4,0,0,1003001,1
40565.799146,4,0,0,1003028,1
40567.445276,4,0,0,1003044,1
40573.113492,4,0,0,1003133,1
40582.359436,4,0,0,1003154,1
40583.596563,4,0,0,1003098,1
40584.246690,4,0,0,1003104,1
40599.636664,4,0,0,1002900,1
40602.302176,4,0,0,1002875,1
40605.962215,4,0,0,1002737,1
40608.880575,4,0,0,1002849,1
40617.293297,4,0,0,1002697,1
40619.971262,4,0,0,1002797,1
40626.734720,4,0,0,1002796,1
40630.270624,4,0,0,1002783,1
40630.667570,4,0,0,1002804,1
40634.070856,4,0,0,1003034,1
40643.320918,4,0,0,1003211,1
40646.941299,4,0,0,1003224,1
40649.325956,4,0,0,1003261,1
40649.450122,4,0,0,1003255,1
40655.225787,4,0,0,1003355,1
40657.608943,4,0,0,1003335,1
40659.475967,4,0,0,1003303,1
40661.682754,4,0,0,1003344,1
40664.267650,4,0,0,1003191,1
40666.223218,4,0,0,1003254,1
40667.871687,4,0,0,1003153,1
40670.821477,4,0,0,1003202,1
40671.049713,4,0,0,1003220,1
40672.272792,4,0,0,1003267,1
40675.028398,4,0,0,1003198,1
40685.357285,4,0,0,1003292,1
40688.028565,4,0,0,1003120,1
40691.908440,4,0,0,1003170,1
40702.617943,4,0,0,1002959,1
40710.452313,4,0,0,1003002,1
40716.407352,4,0,0,1003005,1
40721.025580,4,0,0,1002955,1
40725.356491,4,0,0,1002664,1
40726.366851,4,0,0,1002761,1
40727.060839,4,0,0,1002772,1
40727.334681,4,0,0,1002770,1
40727.805580,4,0,0,1002787,1
40732.367918,4,0,0,1002752,1
40736.850212,4,0,0,1002759,1
40737.031844,4,0,0,1002751,1
40745.742022,4,0,0,1002587,1
40748.526620,4,0,0,1002701,1
40752.222236,4,0,0,1002771,1
40752.587266,4,0,0,1002770,1
40761.933786,4,0,0,1002862,1
40762.332698,4,0,0,1002934,1
40763.465515,4,0,0,1002954,1
40766.456808,4,0,0,1002951,1
40769.747630,4,0,0,1002945,1
40773.389531,4,0,0,1002952,1
40786.532291,4,0,0,1003036,1
40786.702455,4,0,0,1003039,1
40792.092850,4,0,0,1003076,1
40794.777957,4,0,0,1002875,1
40802.772910,4,0,0,1002989,1
40808.036412,4,0,0,1003004,1
40816.040758,4,0,0,1003122,1
40825.560783,4,0,0,1002976,1
40832.807051,4,0,0,1003009,1
40833.485132,4,0,0,1002929,1
40837.168169,4,0,0,1002840,1
40844.262218,4,0,0,1003063,1
40851.379680,4,0,0,1002983,1
40863.894373,4,0,0,1002852,1
40866.464558,4,0,0,1002808,1
40866.507605,4,0,0,1002810,1
40872.717573,4,0,0,1002784,1
40874.275646,4,0,0,1002768,1
40879.370992,4,0,0,1002878,1
40879.611068,4,0,0,1002911,1
40881.709894,4,0,0,1003001,1
40886.503389,4,0,0,1003054,1
40887.147416,4,0,0,1003064,1
40888.970782,4,0,0,1003148,1
40889.719814,4,0,0,1003200,1
40900.317361,4,0,0,1003129,1
40907.432896,4,0,0,1003289,1
40912.296605,4,0,0,1003123,1
40915.804346,4,0,0,1003028,1
40933.963160,4,0,0,1002988,1
40935.393325,4,0,0,1002927,1
40941.237029,4,0,0,1003053,1
40941.668146,4,0,0,1003091,1
40946.313631,4,0,0,1003200,1
40947.352420,4,0,0,1003254,1
40947.397630,4,0,0,1003262,1
40958.865753,4,0,0,1003579,1
40960.431696,4,0,0,1003589,1
40982.589507,4,0,0,1003740,1
40988.033238,4,0,0,1003557,1
40993.345215,4,0,0,1003480,1
40998.694481,4,0,0,1003458,1
41021.996622,4,0,0,1003407,1
41023.213302,4,0,0,1003430,1
41044.212845,4,0,0,1003223,1
41046.068018,4,0,0,1003231,1
41046.541275,4,0,0,1003241,1
41058.750536,4,0,0,1003117,1
41059.239720,4,0,0,1003114,1
41062.322408,4,0,0,1002957,1
41070.907655,4,0,0,1002914,1
41072.455424,4,0,0,1003056,1
41078.544228,4,0,0,1003105,1
41083.453068,4,0,0,1003091,1
41089.068290,4,0,0,1003026,1
41089.849165,4,0,0,1003050,1
41095.651800,4,0,0,1002987,1
41104.402165,4,0,0,1003178,1
41105.130547,4,0,0,1003172,1
41120.599125,4,0,0,1003062,1
41135.092663,4,0,0,1003160,1
41136.928205,4,0,0,1003109,1
41151.789049,4,0,0,1003361,1
41165.114765,4,0,0,1003285,1
41165.707115,4,0,0,1003283,1
41172.220852,4,0,0,1003349,1
41187.909321,4,0,0,1003491,1
41196.202816,4,0,0,1003268,1
41196.883374,4,0,0,1003379,1
41199.388566,4,0,0,1003484,1
41203.356567,4,0,0,1003295,1
41205.575705,4,0,0,1003191,1
41207.905629,4,0,0,1003233,1
41208.390228,4,0,0,1003224,1
41208.424302,4,0,0,1003236,1
41210.171386,4,0,0,1003264,1
41212.803919,4,0,0,1003102,1
41216.936954,4,0,0,1002996,1
41231.798061,4,0,0,1002988,1
41232.246058,4,0,0,1002948,1
41234.284174,4,0,0,1002840,1
41244.040311,4,0,0,1002872,1
41252.390554,4,0,0,1002783,1
41252.958063,4,0,0,1002731,1
41258.342192,4,0,0,1002772,1
41258.789813,4,0,0,1002786,1
41272.714143,4,0,0,1002817,1
41274.153230,4,0,0,1002907,1
41278.606898,4,0,0,1002890,1
41281.646907,4,0,0,1002781,1
41285.075728,4,0,0,1002766,1
41286.226664,4,0,0,1002848,1
41288.350785,4,0,0,1002914,1
41289.936855,4,0,0,1002833,1
41294.508394,4,0,0,1002724,1
41297.131418,4,0,0,1002676,1
41301.412109,4,0,0,1002902,1
41305.089352,4,0,0,1002995,1
41310.331090,4,0,0,1003169,1
41328.065102,4,0,0,1002778,1
41331.710047,4,0,0,1002731,1
41335.489389,4,0,0,1002818,1
41340.040137,4,0,0,1003029,1
41343.829810,4,0,0,1003213,1
41346.362388,4,0,0,1003204,1
41347.712107,4,0,0,1003089,1
41351.386720,4,0,0,1003029,1
41352.736732,4,0,0,1002937,1
41357.885873,4,0,0,1002827,1
41368.280068,4,0,0,1002648,1
41375.976125,4,0,0,1002712,1
41383.355170,4,0,0,1002783,1
41384.501409,4,0,0,1002867,1
41384.664875,4,0,0,1002870,1
41385.753945,4,0,0,1002852,1
41389.790418,4,0,0,1002898,1
41390.427846,4,0,0,1002916,1
41390.932406,4,0,0,1002851,1
41420.288070,4,0,0,1003202,1
41422.379311,4,0,0,1003052,1
41422.693386,4,0,0,1003052,1
41426.117894,4,0,0,1003067,1
41431.832151,4,0,0,1003173,1
41434.779802,4,0,0,1003166,1
41435.452995,4,0,0,1003103,1
41438.910231,4,0,0,1003208,1
41439.252445,4,0,0,1003221,1
41445.518494,4,0,0,1003281,1
41458.891187,4,0,0,1003125,1
41459.095909,4,0,0,1003148,1
41463.135794,4,0,0,1003168,1
41471.630019,4,0,0,1002981,1
41476.520972,4,0,0,1002999,1
41477.292703,4,0,0,1002977,1
41477.630144,4,0,0,1003028,1
41480.553259,4,0,0,1002983,1
41480.789700,4,0,0,1002954,1
41489.455329,4,0,0,1003112,1
41492.927061,4,0,0,1003109,1
41494.747840,4,0,0,1003100,1
41501.791707,4,0,0,1002925,1
41502.945956,4,0,0,1003087,1
41506.393232,4,0,0,1003147,1
41509.765748,4,0,0,1003209,1
41510.290719,4,0,0,1003245,1
41518.006097,4,0,0,1003199,1
41523.739231,4,0,0,1003096,1
41524.799847,4,0,0,1003154,1
41527.493932,4,0,0,1003136,1
41529.262901,4,0,0,1003086,1
41542.504209,4,0,0,1002873,1
41547.772160,4,0,0,1002917,1
41561.579109,4,0,0,1003048,1
41568.536637,4,0,0,1003147,1
41576.033612,4,0,0,1003265,1
41577.808684,4,0,0,1003284,1
41586.836087,4,0,0,1003179,1
41588.784570,4,0,0,1003121,1
41597.170313,4,0,0,1003132,1
41603.084606,4,0,0,1003001,1
41606.490314,4,0,0,1002901,1
41607.382913,4,0,0,1002864,1
41611.773157,4,0,0,1002808,1
41616.455266,4,0,0,1002916,1
41621.985460,4,0,0,1003077,1
41622.313501,4,0,0,1003018,1
41623.685892,4,0,0,1003010,1
41627.620504,4,0,0,1002959,1
41636.768318,4,0,0,1003037,1
41638.033193,4,0,0,1003042,1
41648.899296,4,0,0,1003063,1
41666.563269,4,0,0,1002948,1
41667.008498,4,0,0,1003018,1
41673.163027,4,0,0,1002950,1
41675.584899,4,0,0,1002944,1
41676.294164,4,0,0,1002839,1
41677.497278,4,0,0,1002780,1
41679.640848,4,0,0,1002768,1
41679.727268,4,0,0,1002787,1
41685.396463,4,0,0,1002779,1
41688.286093,4,0,0,1002724,1
41690.315667,4,0,0,1002802,1
41699.982210,4,0,0,1002941,1
41716.196933,4,0,0,1002955,1
41719.127435,4,0,0,1003018,1
41720.906369,4,0,0,1002903,1
41725.324938,4,0,0,1003027,1
41727.810961,4,0,0,1003131,1
41738.431679,4,0,0,1003128,1
41740.058056,4,0,0,1003083,1
41740.713259,4,0,0,1003070,1
41740.785802,4,0,0,1003069,1
41741.678321,4,0,0,1003082,1
41742.152859,4,0,0,1003084,1
41753.701092,4,0,0,1002762,1
41759.146262,4,0,0,1002873,1
41763.304593,4,0,0,1002889,1
41777.147102,4,0,0,1002959,1
41781.748700,4,0,0,1002996,1
41787.602072,4,0,0,1002864,1
41788.427120,4,0,0,1002882,1
41790.048028,4,0,0,1002914,1
41794.640850,4,0,0,1003129,1
41803.280794,4,0,0,1003124,1
41804.865076,4,0,0,1003145,1
41807.754787,4,0,0,1003191,1
41809.338868,4,0,0,1003215,1
41810.971240,4,0,0,1003218,1
41815.059839,4,0,0,1003201,1
41827.074973,4,0,0,1003132,1
41844.931082,4,0,0,1003192,1
41848.918624,4,0,0,1003381,1
41849.035586,4,0,0,1003369,1
41850.581843,4,0,0,1003379,1
41855.678623,4,0,0,1003567,1
41868.047980,4,0,0,1003340,1
41868.802834,4,0,0,1003310,1
41877.232196,4,0,0,1003319,1
41887.346044,4,0,0,1003343,1
41887.795735,4,0,0,1003329,1
41899.037996,4,0,0,1003321,1
41903.362854,4,0,0,1003448,1
41912.310415,4,0,0,1003365,1
41917.663395,4,0,0,1003202,1
41923.090488,4,0,0,1003213,1
41933.023479,4,0,0,1003181,1
41939.904583,4,0,0,1003163,1
41942.416747,4,0,0,1003042,1
41944.720836,4,0,0,1002975,1
41961.279458,4,0,0,1002688,1
41962.744343,4,0,0,1002605,1
41965.004327,4,0,0,1002609,1
41965.747253,4,0,0,1002586,1
41967.726979,4,0,0,1002608,1
41971.921575,4,0,0,1002871,1
41972.951537,4,0,0,1002848,1
41975.603860,4,0,0,1002933,1
41980.089081,4,0,0,1003050,1
41982.415385,4,0,0,1003020,1
41989.141797,4,0,0,1002900,1
41992.604347,4,0,0,1002878,1
41994.483755,4,0,0,1002797,1
42000.650818,4,0,0,1002902,1
42004.510190,4,0,0,1002961,1
42007.382069,4,0,0,1002920,1
42008.221770,4,0,0,1002950,1
42028.941391,4,0,0,1003244,1
42029.854741,4,0,0,1003243,1
42032.175454,4,0,0,1003261,1
42036.385875,4,0,0,1003307,1
42049.326788,4,0,0,1003083,1
42051.041489,4,0,0,1003078,1
42051.623288,4,0,0,1003053,1
42057.486583,4,0,0,1003164,1
42071.898366,4,0,0,1003091,1
42074.773084,4,0,0,1003057,1
42104.497215,4,0,0,1003189,1
42106.354368,4,0,0,1003205,1
42116.512551,4,0,0,1003099,1
42116.519472,4,0,0,1003104,1
42121.959617,4,0,0,1003089,1
42132.305932,4,0,0,1002980,1
42133.875730,4,0,0,1002850,1
42142.872600,4,0,0,1002940,1
42147.245912,4,0,0,1002892,1
42149.090740,4,0,0,1002972,1
42149.301016,4,0,0,1003029,1
42154.480733,4,0,0,1003144,1
42156.730178,4,0,0,1003132,1
42160.480489,4,0,0,1003143,1
42161.538918,4,0,0,1003159,1
42161.632331,4,0,0,1003177,1
42162.119293,4,0,0,1003177,1
42167.014994,4,0,0,1003319,1
42167.666627,4,0,0,1003348,1
42169.354772,4,0,0,1003355,1
42173.639193,4,0,0,1003510,1
42175.163390,4,0,0,1003588,1
42178.222935,4,0,0,1003654,1
42180.765301,4,0,0,1003558,1
42187.944215,4,0,0,1003536,1
42190.413188,4,0,0,1003714,1
42192.003764,4,0,0,1003694,1
42212.398354,4,0,0,1003888,1
42213.305211,4,0,0,1003908,1
42218.193136,4,0,0,1003969,1
42222.865061,4,0,0,1003839,1
42224.921186,4,0,0,1003772,1
42231.427921,4,0,0,1003893,1
42238.126845,4,0,0,1003986,1
42241.219288,4,0,0,1003891,1
42243.084335,4,0,0,1003906,1
42243.658861,4,0,0,1003926,1
42253.407583,4,0,0,1004111,1
42273.127814,4,0,0,1004219,1
42274.701106,4,0,0,1004354,1
42276.545314,4,0,0,1004437,1
42281.506259,4,0,0,1004392,1
42288.718359,4,0,0,1004610,1
42297.640471,4,0,0,1004631,1
42304.621578,4,0,0,1004478,1
42310.074281,4,0,0,1004481,1
42314.724528,4,0,0,1004398,1
42314.793993,4,0,0,1004393,1
42318.010207,4,0,0,1004393,1
42323.903285,4,0,0,1004558,1
42325.626851,4,0,0,1004470,1
42326.982291,4,0,0,1004605,1
42329.527090,4,0,0,1004629,1
42333.283611,4,0,0,1004829,1
42333.336599,4,0,0,1004831,1
42339.993192,4,0,0,1004801,1
42345.888064,4,0,0,1004858,1
42347.105130,4,0,0,1004855,1
42348.471279,4,0,0,1004867,1
42349.387841,4,0,0,1004927,1
42351.924764,4,0,0,1004924,1
42367.293640,4,0,0,1004747,1
42369.661284,4,0,0,1004661,1
42382.105071,4,0,0,1004566,1
42383.060963,4,0,0,1004571,1
42384.368845,4,0,0,1004494,1
42387.748845,4,0,0,1004421,1
42388.531731,4,0,0,1004440,1
42389.106609,4,0,0,1004394,1
42394.406140,4,0,0,1004443,1
42396.409664,4,0,0,1004525,1
42402.145080,4,0,0,1004355,1
42403.377343,4,0,0,1004329,1
42405.080953,4,0,0,1004397,1
42415.756722,4,0,0,1004334,1
42419.899421,4,0,0,1004307,1
42420.524699,4,0,0,1004326,1
42423.133949,4,0,0,1004330,1
42423.637967,4,0,0,1004312,1
42423.965554,4,0,0,1004313,1
42427.935262,4,0,0,1004422,1
42428.501655,4,0,0,1004385,1
42429.654910,4,0,0,1004404,1
42430.015167,4,0,0,1004419,1
42430.579060,4,0,0,1004444,1
42433.423065,4,0,0,1004433,1
42434.288789,4,0,0,1004336,1
42436.093032,4,0,0,1004364,1
42438.823452,4,0,0,1004238,1
42439.855041,4,0,0,1004214,1
42440.547630,4,0,0,1004292,1
42441.312135,4,0,0,1004249,1
42454.862611,4,0,0,1004069,1
42456.912263,4,0,0,1004045,1
42459.818942,4,0,0,1004062,1
42466.502052,4,0,0,1004108,1
42473.898059,4,0,0,1004162,1
42479.585393,4,0,0,1004111,1
42490.221480,4,0,0,1004229,1
42493.857594,4,0,0,1004234,1
42494.725238,4,0,0,1004179,1
42499.253470,4,0,0,1004027,1
42502.132133,4,0,0,1004012,1
42510.590898,4,0,0,1003815,1
42511.921363,4,0,0,1003831,1
42517.324904,4,0,0,1003805,1
42517.373298,4,0,0,1003789,1
42519.681979,4,0,0,1003722,1
42521.712528,4,0,0,1003690,1
42522.186308,4,0,0,1003711,1
42530.406256,4,0,0,1003963,1
42538.788965,4,0,0,1003916,1
42540.166547,4,0,0,1003939,1
42546.109543,4,0,0,1003690,1
42557.216656,4,0,0,1003647,1
42561.364285,4,0,0,1003462,1
42563.563451,4,0,0,1003384,1
42569.044449,4,0,0,1003449,1
42571.450307,4,0,0,1003411,1
42575.500625,4,0,0,1003313,1
42580.676918,4,0,0,1003305,1
42582.333513,4,0,0,1003343,1
42587.522714,4,0,0,1003232,1
42590.911685,4,0,0,1003413,1
42595.209910,4,0,0,1003303,1
42596.840296,4,0,0,1003280,1
42603.387453,4,0,0,1003328,1
42604.160427,4,0,0,1003341,1
42607.293489,4,0,0,1003335,1
42610.920007,4,0,0,1003264,1
42610.959322,4,0,0,1003258,1
42618.587572,4,0,0,1003220,1
42622.452264,4,0,0,1003388,1
42622.845007,4,0,0,1003445,1
42631.877352,4,0,0,1003274,1
42637.797991,4,0,0,1003554,1
42649.565811,4,0,0,1003434,1
42655.041229,4,0,0,1003456,1
42658.387933,4,0,0,1003354,1
42665.857021,4,0,0,1003401,1
42667.978883,4,0,0,1003442,1
42670.713008,4,0,0,1003423,1
42672.817302,4,0,0,1003481,1
42674.703541,4,0,0,1003435,1
42688.428479,4,0,0,1003302,1
42691.803595,4,0,0,1003332,1
42695.189051,4,0,0,1003441,1
42697.462810,4,0,0,1003273,1
42699.360627,4,0,0,1003354,1
42700.615798,4,0,0,1003326,1
42714.853949,4,0,0,1003100,1
42721.157999,4,0,0,1003207,1
42724.293135,4,0,0,1003258,1
42728.643491,4,0,0,1003319,1
42737.362526,4,0,0,1003358,1
42739.570668,4,0,0,1003458,1
42741.154972,4,0,0,1003525,1
42744.255439,4,0,0,1003426,1
42747.202617,4,0,0,1003319,1
42755.697671,4,0,0,1003301,1
42766.447030,4,0,0,1003288,1
42775.811186,4,0,0,1003290,1
42781.476306,4,0,0,1003301,1
42785.064208,4,0,0,1003490,1
42785.981802,4,0,0,1003470,1
42798.782861,4,0,0,1003385,1
42807.986489,4,0,0,1003429,1
42811.556146,4,0,0,1003434,1
42818.262862,4,0,0,1003584,1
42829.227843,4,0,0,1003474,1
42830.963677,4,0,0,1003422,1
42835.040065,4,0,0,1003306,1
42850.313754,4,0,0,1003231,1
42851.522322,4,0,0,1003264,1
42852.299858,4,0,0,1003295,1
42866.549522,4,0,0,1003463,1
42876.524160,4,0,0,1003500,1
42876.737733,4,0,0,1003508,1
42880.884732,4,0,0,1003472,1
42885.842374,4,0,0,1003281,1
42891.873866,4,0,0,1003187,1
42896.452180,4,0,0,1003248,1
42900.403744,4,0,0,1003308,1
42904.874117,4,0,0,1003453,1
42909.494906,4,0,0,1003319,1
42909.957779,4,0,0,1003264,1
42910.871351,4,0,0,1003258,1
42912.482490,4,0,0,1003283,1
42925.053340,4,0,0,1003391,1
42928.061238,4,0,0,1003452,1
42932.607161,4,0,0,1003594,1
42949.123105,4,0,0,1003710,1
42949.629031,4,0,0,1003680,1
42950.651064,4,0,0,1003707,1
42952.230497,4,0,0,1003670,1
42964.249951,4,0,0,1003628,1
42970.301054,4,0,0,1003704,1
42970.969771,4,0,0,1003639,1
42971.321617,4,0,0,1003621,1
42972.212029,4,0,0,1003646,1
42984.028822,4,0,0,1003561,1
42986.641425,4,0,0,1003513,1
42996.384081,4,0,0,1003778,1
43005.345720,4,0,0,1003938,1
43021.575006,4,0,0,1004350,1
43025.310418,4,0,0,1004311,1
43026.836922,4,0,0,1004364,1
43030.290072,4,0,0,1004479,1
43040.984384,4,0,0,1004606,1
43055.114521,4,0,0,1004451,1
43057.537995,4,0,0,1004509,1
43060.729761,4,0,0,1004382,1
43068.372337,4,0,0,1004199,1
43070.790009,4,0,0,1004286,1
43072.099745,4,0,0,1004308,1
43073.665820,4,0,0,1004337,1
43076.792680,4,0,0,1004280,1
43078.094170,4,0,0,1004276,1
43085.008840,4,0,0,1003980,1
43090.268026,4,0,0,1004020,1
43103.164638,4,0,0,1004065,1
43109.730401,4,0,0,1004100,1
43112.616923,4,0,0,1004220,1
43113.580961,4,0,0,1004256,1
43114.863342,4,0,0,1004303,1
43125.279750,4,0,0,1004173,1
43130.105084,4,0,0,1004075,1
43130.645406,4,0,0,1004078,1
43133.957034,4,0,0,1004128,1
43140.904417,4,0,0,1004232,1
43148.713240,4,0,0,1004420,1
43157.455146,4,0,0,1004556,1
43169.019662,4,0,0,1004442,1
43172.166700,4,0,0,1004486,1
43177.426494,4,0,0,1004586,1
43177.790623,4,0,0,1004614,1
43182.969814,4,0,0,1004577,1
43186.424989,4,0,0,1004638,1
43187.570746,4,0,0,1004562,1
43188.964387,4,0,0,1004576,1
43194.844382,4,0,0,1004479,1
43196.068315,4,0,0,1004432,1
43198.073973,4,0,0,1004422,1
43200.335559,4,0,0,1004419,1
43207.175972,4,0,0,1004222,1
43208.198884,4,0,0,1004256,1
43208.593364,4,0,0,1004273,1
43209.561806,4,0,0,1004366,1
43215.520667,4,0,0,1004447,1
43215.768239,4,0,0,1004405,1
43219.631459,4,0,0,1004268,1
43222.984780,4,0,0,1004319,1
43225.225104,4,0,0,1004265,1
43227.264587,4,0,0,1004201,1
43230.962607,4,0,0,1004270,1
43231.262641,4,0,0,1004280,1
43233.126292,4,0,0,1004239,1
43235.701009,4,0,0,1004229,1
43236.430692,4,0,0,1004240,1
43239.985330,4,0,0,1004151,1
43241.755017,4,0,0,1004183,1
43242.079319,4,0,0,1004165,1
43242.734518,4,0,0,1004201,1
43244.633481,4,0,0,1004156,1
43249.815994,4,0,0,1004106,1
43257.514916,4,0,0,1004067,1
43260.698204,4,0,0,1004063,1
43260.926873,4,0,0,1004059,1
43265.390973,4,0,0,1004005,1
43276.658671,4,0,0,1003811,1
43276.911540,4,0,0,1003771,1
43278.953821,4,0,0,1003734,1
43279.035085,4,0,0,1003740,1
43283.151072,4,0,0,1003821,1
43283.677517,4,0,0,1003828,1
43297.200830,4,0,0,1004071,1
43299.701774,4,0,0,1004108,1
43304.343929,4,0,0,1004017,1
43306.248946,4,0,0,1004067,1
43308.205696,4,0,0,1004163,1
43308.261174,4,0,0,1004169,1
43317.891800,4,0,0,1004212,1
43319.394310,4,0,0,1004191,1
43320.758984,4,0,0,1004158,1
43322.891773,4,0,0,1004166,1
43323.864435,4,0,0,1004097,1
43325.654260,4,0,0,1004190,1
43327.231912,4,0,0,1004200,1
43344.856472,4,0,0,1004087,1
43354.845230,4,0,0,1004173,1
43356.431443,4,0,0,1004104,1
43365.166958,4,0,0,1003976,1
43365.352788,4,0,0,1003983,1
43369.371470,4,0,0,1003953,1
43378.890873,4,0,0,1004038,1
43380.059528,4,0,0,1004073,1
43380.898335,4,0,0,1004136,1
43388.452982,4,0,0,1003937,1
43393.516415,4,0,0,1003887,1
43410.988752,4,0,0,1004082,1
43411.815252,4,0,0,1004078,1
43412.583295,4,0,0,1004061,1
43412.855652,4,0,0,1004047,1
43414.729345,4,0,0,1004168,1
43414.963106,4,0,0,1004172,1
43419.512763,4,0,0,1004112,1
43419.941908,4,0,0,1004106,1
43422.836555,4,0,0,1004117,1
43426.296073,4,0,0,1004319,1
43426.727752,4,0,0,1004307,1
43432.355314,4,0,0,1004374,1
43454.639085,4,0,0,1004264,1
43456.996184,4,0,0,1004221,1
43460.472874,4,0,0,1004193,1
43462.721457,4,0,0,1004258,1
43481.373367,4,0,0,1004002,1
43490.457124,4,0,0,1003934,1
43507.015835,4,0,0,1003829,1
43509.350530,4,0,0,1003824,1
43511.168279,4,0,0,1003646,1
43511.246054,4,0,0,1003643,1
43511.628348,4,0,0,1003635,1
43526.594300,4,0,0,1003492,1
43530.790718,4,0,0,1003417,1
43533.614474,4,0,0,1003451,1
43534.435588,4,0,0,1003458,1
43547.729073,4,0,0,1003267,1
43547.920984,4,0,0,1003209,1
43552.919803,4,0,0,1003413,1
43557.287169,4,0,0,1003504,1
43563.567438,4,0,0,1003278,1
43570.075146,4,0,0,1003196,1
43575.440157,4,0,0,1003192,1
43579.293941,4,0,0,1003126,1
43582.011617,4,0,0,1003157,1
43589.749252,4,0,0,1003299,1
43590.430206,4,0,0,1003333,1
43592.017007,4,0,0,1003436,1
43599.293688,4,0,0,1003627,1
43609.804677,4,0,0,1003804,1
43614.991562,4,0,0,1003879,1
43615.236061,4,0,0,1003891,1
43623.719386,4,0,0,1003762,1
43640.240509,4,0,0,1003602,1
43643.189159,4,0,0,1003699,1
43645.554773,4,0,0,1003699,1
43647.630926,4,0,0,1003715,1
43652.089855,4,0,0,1003517,1
43652.978912,4,0,0,1003508,1
43653.670033,4,0,0,1003586,1
43676.102709,4,0,0,1003437,1
43679.425878,4,0,0,1003457,1
43682.882447,4,0,0,1003347,1
43684.596884,4,0,0,1003366,1
43684.815332,4,0,0,1003376,1
43685.134156,4,0,0,1003415,1
43685.424592,4,0,0,1003437,1
43691.229022,4,0,0,1003369,1
43698.460451,4,0,0,1003265,1
43712.899300,4,0,0,1003223,1
43731.754755,4,0,0,1003221,1
43732.538304,4,0,0,1003247,1
43732.611054,4,0,0,1003255,1
43738.123569,4,0,0,1003221,1
43739.774744,4,0,0,1003192,1
43752.003429,4,0,0,1003175,1
43755.200067,4,0,0,1003189,1
43757.956502,4,0,0,1003127,1
43760.565052,4,0,0,1003257,1
43762.317833,4,0,0,1003292,1
43766.285535,4,0,0,1003161,1
43767.262302,4,0,0,1003152,1
43785.327847,4,0,0,1003412,1
43793.180297,4,0,0,1003595,1
43802.356696,4,0,0,1003579,1
43816.299218,4,0,0,1003244,1
43821.786648,4,0,0,1003227,1
43832.882272,4,0,0,1002963,1
43839.293430,4,0,0,1003209,1
43842.366135,4,0,0,1003244,1
43842.467412,4,0,0,1003233,1
43845.929461,4,0,0,1003189,1
43849.635960,4,0,0,1003108,1
43856.008894,4,0,0,1003119,1
43865.719493,4,0,0,1003497,1
43870.455150,4,0,0,1003400,1
43870.891111,4,0,0,1003422,1
43871.350391,4,0,0,1003450,1
43881.140349,4,0,0,1003589,1
43891.312922,4,0,0,1003564,1
43893.759283,4,0,0,1003567,1
43894.097323,4,0,0,1003601,1
43894.640238,4,0,0,1003559,1
43895.220653,4,0,0,1003572,1
43906.931474,4,0,0,1003885,1
43909.424213,4,0,0,1003926,1
43912.402798,4,0,0,1003959,1
43920.573835,4,0,0,1003686,1
43921.907082,4,0,0,1003651,1
43925.543011,4,0,0,1003678,1
43929.669995,4,0,0,1003910,1
43932.233244,4,0,0,1004067,1
43932.847183,4,0,0,1003992,1
43935.482487,4,0,0,1004039,1
43936.050502,4,0,0,1004004,1
43937.875808,4,0,0,1003973,1
43940.320307,4,0,0,1003961,1
43941.329571,4,0,0,1003917,1
43969.727377,4,0,0,1004084,1
43975.323737,4,0,0,1004086,1
43988.133268,4,0,0,1003883,1
44000.985083,4,0,0,1004044,1
44002.601559,4,0,0,1004056,1
44003.350357,4,0,0,1004013,1
44026.270929,4,0,0,1003950,1
44029.682578,4,0,0,1003874,1
44035.083907,4,0,0,1003880,1
44044.707969,4,0,0,1003961,1
44046.693402,4,0,0,1004000,1
44050.981456,4,0,0,1004035,1
44052.679823,4,0,0,1004092,1
44053.839044,4,0,0,1004173,1
44054.006503,4,0,0,1004160,1
44055.291343,4,0,0,1004105,1
44056.662236,4,0,0,1004088,1
44063.235682,4,0,0,1004055,1
44066.706897,4,0,0,1004040,1
44073.797560,4,0,0,1003883,1
44075.409355,4,0,0,1003738,1
44076.553973,4,0,0,1003753,1
44080.677623,4,0,0,1003870,1
44082.189393,4,0,0,1003875,1
44088.889114,4,0,0,1003747,1
44091.189165,4,0,0,1003682,1
44092.764118,4,0,0,1003639,1
44099.456398,4,0,0,1003439,1
44100.456476,4,0,0,1003487,1
44106.624867,4,0,0,1003699,1
44108.986097,4,0,0,1003676,1
44109.411255,4,0,0,1003667,1
44114.134443,4,0,0,1003727,1
44118.625971,4,0,0,1003828,1
44119.129318,4,0,0,1003825,1
44122.075212,4,0,0,1003893,1
44125.045063,4,0,0,1003959,1
44131.060000,4,0,0,1003990,1
44132.106634,4,0,0,1003951,1
44136.027873,4,0,0,1003872,1
44159.312596,4,0,0,1004109,1
44159.388145,4,0,0,1004100,1
44165.415725,4,0,0,1004031,1
44167.472365,4,0,0,1004057,1
44170.646460,4,0,0,1004246,1
44172.230842,4,0,0,1004282,1
44175.176973,4,0,0,1004361,1
44178.448339,4,0,0,1004246,1
44190.520389,4,0,0,1004324,1
44200.394479,4,0,0,1004000,1
44213.132312,4,0,0,1003863,1
44229.556713,4,0,0,1003600,1
44231.955578,4,0,0,1003586,1
44239.211210,4,0,0,1003635,1
44249.763043,4,0,0,1003740,1
44250.357937,4,0,0,1003674,1
44256.549555,4,0,0,1003832,1
44260.662480,4,0,0,1003781,1
44261.721612,4,0,0,1003771,1
44266.493915,4,0,0,1003648,1
44272.062449,4,0,0,1003421,1
44277.131735,4,0,0,1003498,1
44277.160923,4,0,0,1003496,1
44289.531882,4,0,0,1003533,1
44291.600927,4,0,0,1003358,1
44299.343419,4,0,0,1003248,1
44300.144416,4,0,0,1003229,1
44304.549910,4,0,0,1003174,1
44304.835531,4,0,0,1003199,1
44308.725976,4,0,0,1003025,1
44313.709395,4,0,0,1002808,1
44316.051524,4,0,0,1002758,1
44322.106115,4,0,0,1002732,1
44325.180828,4,0,0,1002863,1
44325.458433,4,0,0,1002842,1
44325.648592,4,0,0,1002824,1
44325.897591,4,0,0,1002842,1
44327.879712,4,0,0,1002843,1
44340.498242,4,0,0,1002923,1
44342.404128,4,0,0,1002931,1
44350.471856,4,0,0,1003111,1
44355.414777,4,0,0,1003213,1
44361.216016,4,0,0,1003181,1
44366.313925,4,0,0,1003319,1
44367.391404,4,0,0,1003292,1
44377.218959,4,0,0,1003388,1
44379.807922,4,0,0,1003389,1
44392.861173,4,0,0,1002980,1
44392.936526,4,0,0,1002983,1
44393.521123,4,0,0,1002965,1
44394.210084,4,0,0,1002991,1
44400.423369,4,0,0,1003104,1
44400.964506,4,0,0,1003072,1
44403.665134,4,0,0,1002866,1
44407.109683,4,0,0,1002894,1
44410.558303,4,0,0,1002881,1
44412.227341,4,0,0,1002828,1
44422.436035,4,0,0,1002874,1
44425.315273,4,0,0,1002744,1
44426.237358,4,0,0,1002755,1
44430.136837,4,0,0,1002880,1
44430.708122,4,0,0,1002797,1
44435.999268,4,0,0,1002467,1
44436.909279,4,0,0,1002510,1
44447.477869,4,0,0,1002474,1
44447.868153,4,0,0,1002490,1
44449.640722,4,0,0,1002456,1
44450.802787,4,0,0,1002479,1
44454.833262,4,0,0,1002335,1
44457.317242,4,0,0,1002248,1
44460.194877,4,0,0,1002141,1
44463.033901,4,0,0,1002138,1
44467.558438,4,0,0,1002065,1
44469.010452,4,0,0,1002020,1
44470.867689,4,0,0,1001956,1
44472.296218,4,0,0,1002118,1
44473.044498,4,0,0,1002137,1
44477.723163,4,0,0,1002220,1
44490.716937,4,0,0,1002378,1
44502.143360,4,0,0,1002306,1
44518.169796,4,0,0,1002027,1
44518.727282,4,0,0,1002059,1
44524.753167,4,0,0,1001902,1
44525.123839,4,0,0,1001953,1
44533.196990,4,0,0,1001859,1
44542.080257,4,0,0,1001745,1
44545.199470,4,0,0,1001581,1
44565.968844,4,0,0,1001629,1
44568.945236,4,0,0,1001742,1
44572.669254,4,0,0,1001780,1
44574.642282,4,0,0,1001785,1
44582.801696,4,0,0,1001764,1
44586.767308,4,0,0,1001652,1
44590.086293,4,0,0,1001659,1
44592.729893,4,0,0,1001706,1
44599.420376,4,0,0,1001735,1
44599.778383,4,0,0,1001783,1
44604.562004,4,0,0,1001992,1
44604.924315,4,0,0,1002070,1
44606.094437,4,0,0,1002087,1
44606.255393,4,0,0,1002083,1
44609.758589,4,0,0,1002027,1
44623.498018,4,0,0,1002004,1
44624.643088,4,0,0,1001959,1
44625.215765,4,0,0,1002012,1
44628.789838,4,0,0,1002115,1
44628.890628,4,0,0,1002124,1
44630.954637,4,0,0,1001968,1
44633.771751,4,0,0,1001964,1
44634.157478,4,0,0,1001987,1
44644.578227,4,0,0,1001936,1
44646.893765,4,0,0,1001944,1
44651.122918,4,0,0,1002010,1
44651.694051,4,0,0,1002032,1
44668.197996,4,0,0,1002215,1
44669.156988,4,0,0,1002201,1
44672.157831,4,0,0,1002140,1
44672.599502,4,0,0,1002202,1
44673.416726,4,0,0,1002244,1
44674.114208,4,0,0,1002227,1
44676.442518,4,0,0,1002248,1
44676.881903,4,0,0,1002223,1
44679.888017,4,0,0,1002228,1
44683.869382,4,0,0,1002156,1
44684.881132,4,0,0,1002127,1
44691.857763,4,0,0,1002270,1
44692.236044,4,0,0,1002299,1
44696.324665,4,0,0,1002390,1
44704.263035,4,0,0,1002451,1
44708.814428,4,0,0,1002496,1
44708.835742,4,0,0,1002497,1
44709.208112,4,0,0,1002506,1
44709.433161,4,0,0,1002467,1
44710.094060,4,0,0,1002431,1
44713.664996,4,0,0,1002519,1
44728.964342,4,0,0,1002584,1
44731.163706,4,0,0,1002692,1
44738.590714,4,0,0,1002758,1
44740.096616,4,0,0,1002848,1
44757.300795,4,0,0,1002587,1
44759.606960,4,0,0,1002434,1
44760.644586,4,0,0,1002463,1
44761.659717,4,0,0,1002419,1
44762.239586,4,0,0,1002427,1
44762.645543,4,0,0,1002454,1
44775.132760,4,0,0,1002617,1
44781.273133,4,0,0,1002576,1
44782.025043,4,0,0,1002600,1
44786.430012,4,0,0,1002460,1
44789.410725,4,0,0,1002559,1
44789.768468,4,0,0,1002510,1
44810.814868,4,0,0,1002535,1
44812.105698,4,0,0,1002639,1
44816.176934,4,0,0,1002634,1
44818.313061,4,0,0,1002644,1
44821.509105,4,0,0,1002753,1
44843.929686,4,0,0,1003089,1
44850.858467,4,0,0,1002991,1
44852.160070,4,0,0,1002934,1
44857.977412,4,0,0,1002797,1
44860.963139,4,0,0,1002725,1
44862.264465,4,0,0,1002833,1
44866.170489,4,0,0,1002768,1
44867.443014,4,0,0,1002822,1
44875.428675,4,0,0,1002972,1
44877.095624,4,0,0,1003056,1
44877.591751,4,0,0,1003099,1
44887.089350,4,0,0,1002992,1
44887.976209,4,0,0,1002869,1
44893.865654,4,0,0,1002864,1
44903.569863,4,0,0,1002704,1
44909.776308,4,0,0,1002942,1
44924.076484,4,0,0,1002787,1
44925.584569,4,0,0,1002820,1
44927.815668,4,0,0,1002742,1
44932.638385,4,0,0,1002713,1
44933.235846,4,0,0,1002680,1
44954.481314,4,0,0,1002659,1
44959.637997,4,0,0,1002912,1
44965.080581,4,0,0,1003042,1
44969.269688,4,0,0,1002924,1
44972.629909,4,0,0,1002969,1
44973.663533,4,0,0,1002953,1
44974.196610,4,0,0,1002958,1
44975.600136,4,0,0,1003000,1
44975.737202,4,0,0,1002998,1
44980.406727,4,0,0,1002850,1
44981.359296,4,0,0,1002867,1
44993.498056,4,0,0,1002914,1
44994.052079,4,0,0,1002871,1
44995.896008,4,0,0,1002883,1
45005.265157,4,0,0,1002999,1
45009.908716,4,0,0,1002903,1
45012.463553,4,0,0,1003024,1
45018.749143,4,0,0,1003072,1
45021.197376,4,0,0,1003167,1
45022.011292,4,0,0,1003219,1
45040.637631,4,0,0,1003255,1
45050.477023,4,0,0,1003320,1
45056.878017,4,0,0,1003235,1
45058.453137,4,0,0,1003163,1
45061.834291,4,0,0,1003199,1
45062.273624,4,0,0,1003167,1
45062.459614,4,0,0,1003160,1
45076.414049,4,0,0,1003310,1
45079.001040,4,0,0,1003334,1
45080.179487,4,0,0,1003384,1
45087.613428,4,0,0,1003548,1
45091.181530,4,0,0,1003748,1
45096.360042,4,0,0,1003827,1
45096.907724,4,0,0,1003831,1
45099.726954,4,0,0,1003832,1
45102.234178,4,0,0,1004029,1
45103.900256,4,0,0,1004159,1
45104.838751,4,0,0,1004166,1
45114.726278,4,0,0,1004241,1
45121.209597,4,0,0,1004076,1
45125.173369,4,0,0,1003927,1
45126.697408,4,0,0,1004025,1
45131.505075,4,0,0,1003920,1
45134.034130,4,0,0,1003853,1
45134.043983,4,0,0,1003857,1
45138.700733,4,0,0,1003976,1
45143.940840,4,0,0,1003815,1
45159.617987,4,0,0,1003785,1
45167.978422,4,0,0,1003793,1
45168.370617,4,0,0,1003817,1
45170.190506,4,0,0,1003818,1
45170.404385,4,0,0,1003840,1
45170.741712,4,0,0,1003837,1
45173.732430,4,0,0,1003932,1
45174.852581,4,0,0,1003967,1
45175.152180,4,0,0,1003979,1
45179.868971,4,0,0,1004097,1
45192.033301,4,0,0,1004387,1
45200.371173,4,0,0,1004325,1
45200.634236,4,0,0,1004326,1
45202.323385,4,0,0,1004382,1
45202.507659,4,0,0,1004399,1
45205.116130,4,0,0,1004321,1
45218.231508,4,0,0,1004442,1
45219.254697,4,0,0,1004430,1
45225.524376,4,0,0,1004275,1
45228.796245,4,0,0,1004325,1
45232.301184,4,0,0,1004317,1
45240.858589,4,0,0,1004463,1
45242.639586,4,0,0,1004612,1
45244.518547,4,0,0,1004721,1
45250.920068,4,0,0,1004832,1
45251.643324,4,0,0,1004791,1
45252.184734,4,0,0,1004756,1
45254.708074,4,0,0,1004625,1
45257.101413,4,0,0,1004739,1
45258.822465,4,0,0,1004762,1
45260.221989,4,0,0,1004815,1
45270.373183,4,0,0,1004816,1
45272.892977,4,0,0,1004812,1
45274.659345,4,0,0,1004782,1
45282.050057,4,0,0,1004833,1
45290.990628,4,0,0,1004702,1
45296.761140,4,0,0,1004591,1
45312.684494,4,0,0,1004498,1
45313.311112,4,0,0,1004423,1
45316.149168,4,0,0,1004573,1
45324.114857,4,0,0,1004724,1
45341.594437,4,0,0,1004402,1
45342.649859,4,0,0,1004425,1
45349.157652,4,0,0,1004244,1
45350.292747,4,0,0,1004204,1
45352.715430,4,0,0,1004141,1
45359.362394,4,0,0,1004374,1
45366.390619,4,0,0,1004419,1
45366.672944,4,0,0,1004394,1
45368.082936,4,0,0,1004425,1
45383.851348,4,0,0,1004419,1
45387.871893,4,0,0,1004289,1
45391.999648,4,0,0,1004266,1
45393.410007,4,0,0,1004308,1
45396.274194,4,0,0,1004393,1
45397.786151,4,0,0,1004340,1
45398.493461,4,0,0,1004286,1
45400.096087,4,0,0,1004264,1
45403.993501,4,0,0,1004173,1
45407.537406,4,0,0,1004262,1
45411.090733,4,0,0,1004359,1
45413.105903,4,0,0,1004406,1
45415.843775,4,0,0,1004420,1
45425.734346,4,0,0,1004510,1
45437.806100,4,0,0,1004414,1
45448.691696,4,0,0,1004651,1
45449.972566,4,0,0,1004685,1
45454.786875,4,0,0,1004705,1
45461.765303,4,0,0,1004660,1
45463.662600,4,0,0,1004618,1
45466.761720,4,0,0,1004686,1
45476.033946,4,0,0,1004787,1
45481.840799,4,0,0,1004682,1
45488.032833,4,0,0,1004681,1
45488.430308,4,0,0,1004635,1
45488.689597,4,0,0,1004665,1
45494.279322,4,0,0,1004791,1
45498.343857,4,0,0,1004721,1
45499.240317,4,0,0,1004694,1
45499.261371,4,0,0,1004676,1
45500.544109,4,0,0,1004566,1
45505.205900,4,0,0,1004689,1
45507.357106,4,0,0,1004660,1
45512.381160,4,0,0,1004508,1
45513.175725,4,0,0,1004462,1
45518.172959,4,0,0,1004489,1
45518.739073,4,0,0,1004487,1
45529.545603,4,0,0,1004530,1
45530.960338,4,0,0,1004559,1
45530.982141,4,0,0,1004555,1
45538.698659,4,0,0,1004366,1
45540.548003,4,0,0,1004357,1
45543.063294,4,0,0,1004307,1
45543.808473,4,0,0,1004315,1
45544.895009,4,0,0,1004276,1
45547.328309,4,0,0,1004239,1
45548.974131,4,0,0,1004159,1
45552.338986,4,0,0,1004081,1
45553.824658,4,0,0,1004068,1
45556.571654,4,0,0,1004140,1
45556.712877,4,0,0,1004143,1
45560.058182,4,0,0,1003992,1
45564.449351,4,0,0,1004179,1
45575.380440,4,0,0,1004536,1
45581.390708,4,0,0,1004562,1
45581.782593,4,0,0,1004619,1
45583.951278,4,0,0,1004733,1
45590.757717,4,0,0,1004688,1
45596.812066,4,0,0,1004639,1
45597.074902,4,0,0,1004648,1
45597.211713,4,0,0,1004640,1
45600.485333,4,0,0,1004512,1
45603.321555,4,0,0,1004503,1
45604.027279,4,0,0,1004479,1
45605.497840,4,0,0,1004355,1
45607.553669,4,0,0,1004320,1
45614.950198,4,0,0,1004360,1
45616.385284,4,0,0,1004393,1
45624.215930,4,0,0,1004285,1
45632.981092,4,0,0,1004088,1
45634.336141,4,0,0,1004179,1
45643.494686,4,0,0,1004127,1
45643.897193,4,0,0,1004140,1
45646.201312,4,0,0,1004092,1
45646.702196,4,0,0,1004111,1
45648.567994,4,0,0,1004123,1
45650.159267,4,0,0,1004087,1
45657.006628,4,0,0,1004240,1
45665.540771,4,0,0,1004195,1
45667.483158,4,0,0,1004275,1
45669.463416,4,0,0,1004150,1
45685.445027,4,0,0,1004285,1
45686.292184,4,0,0,1004243,1
45689.355144,4,0,0,1004304,1
45693.639568,4,0,0,1004335,1
45698.766653,4,0,0,1004342,1
45699.563411,4,0,0,1004391,1
45701.386581,4,0,0,1004397,1
45702.153801,4,0,0,1004472,1
45708.914850,4,0,0,1004393,1
45715.130465,4,0,0,1004241,1
45723.376319,4,0,0,1003990,1
45726.058117,4,0,0,1004036,1
45726.149340,4,0,0,1004027,1
45737.135154,4,0,0,1004018,1
45737.668456,4,0,0,1003980,1
45738.881624,4,0,0,1003997,1
45739.031036,4,0,0,1003985,1
45741.436499,4,0,0,1003956,1
45747.101644,4,0,0,1003957,1
45759.737431,4,0,0,1003888,1
45763.535271,4,0,0,1003923,1
45763.972136,4,0,0,1003883,1
45774.276213,4,0,0,1003971,1
45774.771853,4,0,0,1003977,1
45775.862065,4,0,0,1003942,1
45777.050441,4,0,0,1003989,1
45787.432844,4,0,0,1003733,1
45789.952198,4,0,0,1003566,1
45798.815619,4,0,0,1003590,1
45802.704205,4,0,0,1003709,1
45805.810424,4,0,0,1003695,1
45813.202610,4,0,0,1003877,1
45814.335044,4,0,0,1003820,1
45815.850034,4,0,0,1003900,1
45827.435829,4,0,0,1003845,1
45831.861718,4,0,0,1003650,1
45834.152595,4,0,0,1003741,1
45838.894831,4,0,0,1003678,1
45845.507427,4,0,0,1003776,1
45851.458400,4,0,0,1003790,1
45854.827089,4,0,0,1003857,1
45859.502954,4,0,0,1003921,1
45860.794230,4,0,0,1003958,1
45863.938796,4,0,0,1004070,1
45874.186141,4,0,0,1004220,1
45885.927938,4,0,0,1004103,1
45886.033319,4,0,0,1004103,1
45887.436569,4,0,0,1004206,1
45888.886115,4,0,0,1004193,1
45890.781622,4,0,0,1004299,1
45892.511498,4,0,0,1004240,1
45894.089915,4,0,0,1004190,1
45897.154200,4,0,0,1004094,1
45898.472018,4,0,0,1004038,1
45904.734432,4,0,0,1004169,1
45904.874109,4,0,0,1004175,1
45920.616120,4,0,0,1004221,1
45921.614330,4,0,0,1004315,1
45932.359865,4,0,0,1004211,1
45937.796572,4,0,0,1004195,1
45948.094524,4,0,0,1003879,1
45950.822875,4,0,0,1003923,1
45952.693753,4,0,0,1003773,1
45957.200448,4,0,0,1003961,1
45958.240297,4,0,0,1003926,1
45960.852066,4,0,0,1003916,1
45964.581972,4,0,0,1004045,1
45965.211915,4,0,0,1004036,1
45972.938266,4,0,0,1004123,1
45975.869170,4,0,0,1004093,1
45979.498405,4,0,0,1003940,1
45984.928626,4,0,0,1003991,1
45995.854806,4,0,0,1004034,1
45996.561503,4,0,0,1004144,1
45997.579121,4,0,0,1004102,1
45998.210534,4,0,0,1004058,1
46013.957282,4,0,0,1003979,1
46016.654916,4,0,0,1003996,1
46022.708238,4,0,0,1003960,1
46023.578258,4,0,0,1003978,1
46036.154819,4,0,0,1003902,1
46036.795996,4,0,0,1003906,1
46042.172866,4,0,0,1003970,1
46042.301948,4,0,0,1004004,1
46051.848333,4,0,0,1004102,1
46054.197402,4,0,0,1004045,1
46058.923853,4,0,0,1004262,1
46063.295888,4,0,0,1004237,1
46064.377789,4,0,0,1004269,1
46067.274696,4,0,0,1004295,1
46067.286420,4,0,0,1004302,1
46074.596268,4,0,0,1004488,1
46077.500497,4,0,0,1004600,1
46079.054739,4,0,0,1004533,1
46081.446310,4,0,0,1004565,1
46083.951869,4,0,0,1004610,1
46084.782369,4,0,0,1004699,1
46086.963257,4,0,0,1004670,1
46092.358070,4,0,0,1004695,1
46096.276124,4,0,0,1004875,1
46119.423240,4,0,0,1005107,1
46126.025566,4,0,0,1005206,1
46134.450731,4,0,0,1005383,1
46135.211261,4,0,0,1005392,1
46138.723445,4,0,0,1005520,1
46140.062941,4,0,0,1005450,1
46141.367675,4,0,0,1005398,1
46143.276351,4,0,0,1005246,1
46147.302730,4,0,0,1005257,1
46149.861973,4,0,0,1005302,1
46152.289400,4,0,0,1005191,1
46154.463082,4,0,0,1005144,1
46175.022972,4,0,0,1005371,1
46177.646793,4,0,0,1005625,1
46189.631278,4,0,0,1005596,1
46213.318781,4,0,0,1005852,1
46217.958277,4,0,0,1005857,1
46235.964298,4,0,0,1005728,1
46276.208910,4,0,0,1005163,1
46284.274712,4,0,0,1005312,1
46290.274732,4,0,0,1005283,1
46291.469132,4,0,0,1005244,1
46292.439120,4,0,0,1005335,1
46292.699673,4,0,0,1005339,1
46293.869230,4,0,0,1005338,1
46297.459696,4,0,0,1005633,1
46300.207445,4,0,0,1005478,1
46306.926446,4,0,0,1005499,1
46308.638235,4,0,0,1005437,1
46313.270250,4,0,0,1005509,1
46315.410406,4,0,0,1005511,1
46316.604890,4,0,0,1005497,1
46323.754888,4,0,0,1005443,1
46325.410001,4,0,0,1005505,1
46328.907298,4,0,0,1005425,1
46330.289629,4,0,0,1005473,1
46335.285830,4,0,0,1005549,1
46336.200852,4,0,0,1005493,1
46336.510561,4,0,0,1005434,1
46341.222527,4,0,0,1005420,1
46344.482340,4,0,0,1005510,1
46349.513906,4,0,0,1005662,1
46349.902442,4,0,0,1005642,1
46357.085009,4,0,0,1005553,1
46357.321697,4,0,0,1005546,1
46372.291335,4,0,0,1005188,1
46385.681037,4,0,0,1005196,1
46393.395552,4,0,0,1005151,1
46395.188884,4,0,0,1005132,1
46400.148086,4,0,0,1004963,1
46423.131232,4,0,0,1004934,1
46429.165915,4,0,0,1004846,1
46434.330009,4,0,0,1004918,1
46434.476495,4,0,0,1004928,1
46434.653433,4,0,0,1004912,1
46439.387065,4,0,0,1004947,1
46442.378902,4,0,0,1005003,1
46445.601358,4,0,0,1004988,1
46446.618542,4,0,0,1005031,1
46448.358217,4,0,0,1005016,1
46458.902666,4,0,0,1004623,1
46461.073074,4,0,0,1004702,1
46477.974732,4,0,0,1004439,1
46478.846990,4,0,0,1004470,1
46482.474146,4,0,0,1004446,1
46487.334828,4,0,0,1004573,1
46492.873223,4,0,0,1004703,1
46500.698201,4,0,0,1004626,1
46507.445819,4,0,0,1004623,1
46515.588194,4,0,0,1004517,1
46515.879379,4,0,0,1004541,1
46516.282431,4,0,0,1004504,1
46516.965185,4,0,0,1004499,1
46518.019912,4,0,0,1004488,1
46524.073671,4,0,0,1004451,1
46527.763477,4,0,0,1004578,1
46533.630201,4,0,0,1004463,1
46538.000185,4,0,0,1004440,1
46541.921111,4,0,0,1004416,1
46542.903000,4,0,0,1004404,1
46552.308551,4,0,0,1004363,1
46559.392860,4,0,0,1004510,1
46566.135615,4,0,0,1004372,1
46578.968862,4,0,0,1004477,1
46581.374517,4,0,0,1004532,1
46583.993912,4,0,0,1004641,1
46587.038504,4,0,0,1004704,1
46589.095547,4,0,0,1004578,1
46592.517207,4,0,0,1004610,1
46597.221187,4,0,0,1004701,1
46601.453021,4,0,0,1004628,1
46602.380858,4,0,0,1004667,1
46608.555338,4,0,0,1004643,1
46608.905300,4,0,0,1004664,1
46610.015236,4,0,0,1004741,1
46612.430624,4,0,0,1004696,1
46620.811175,4,0,0,1004704,1
46622.199375,4,0,0,1004778,1
46626.457556,4,0,0,1004612,1
46630.598577,4,0,0,1004594,1
46634.751958,4,0,0,1004665,1
46640.492901,4,0,0,1004592,1
46642.172897,4,0,0,1004569,1
46659.106175,4,0,0,1004890,1
46664.137459,4,0,0,1004990,1
46664.538446,4,0,0,1005016,1
46672.385744,4,0,0,1004989,1
46675.396022,4,0,0,1005122,1
46684.002428,4,0,0,1005512,1
46689.766740,4,0,0,1005490,1
46705.961036,4,0,0,1005353,1
46717.427662,4,0,0,1005348,1
46722.676328,4,0,0,1005470,1
46729.607282,4,0,0,1005443,1
46729.903315,4,0,0,1005399,1
46737.475800,4,0,0,1005428,1
46743.828479,4,0,0,1005409,1
46757.546710,4,0,0,1005565,1
46764.271323,4,0,0,1005613,1
46768.858052,4,0,0,1005480,1
46776.061327,4,0,0,1005537,1
46780.469788,4,0,0,1005418,1
46783.620402,4,0,0,1005328,1
46802.273895,4,0,0,1005454,1
46805.532353,4,0,0,1005527,1
46806.041314,4,0,0,1005466,1
46806.264522,4,0,0,1005480,1
46808.464696,4,0,0,1005441,1
46811.377402,4,0,0,1005375,1
46815.261568,4,0,0,1005429,1
46815.606604,4,0,0,1005474,1
46819.427648,4,0,0,1005657,1
46834.641629,4,0,0,1005943,1
46841.300676,4,0,0,1005787,1
46847.110140,4,0,0,1005590,1
46850.571164,4,0,0,1005399,1
46860.882658,4,0,0,1005612,1
46861.338199,4,0,0,1005547,1
46868.520812,4,0,0,1005507,1
46874.492057,4,0,0,1005455,1
46876.764044,4,0,0,1005412,1
46879.987646,4,0,0,1005471,1
46880.775704,4,0,0,1005409,1
46880.805621,4,0,0,1005415,1
46882.761162,4,0,0,1005459,1
46884.733500,4,0,0,1005441,1
46888.247037,4,0,0,1005331,1
46890.275897,4,0,0,1005297,1
46900.798038,4,0,0,1005322,1
46901.543017,4,0,0,1005255,1
46909.844863,4,0,0,1004817,1
46913.601710,4,0,0,1004831,1
46914.796926,4,0,0,1004840,1
46924.776691,4,0,0,1004621,1
46928.626292,4,0,0,1004608,1
46929.112008,4,0,0,1004625,1
46938.742393,4,0,0,1004464,1
46940.262853,4,0,0,1004510,1
46944.314684,4,0,0,1004558,1
46949.744824,4,0,0,1004739,1
46956.257852,4,0,0,1004624,1
46962.284590,4,0,0,1004851,1
46970.799198,4,0,0,1004640,1
46977.834905,4,0,0,1004492,1
46978.834369,4,0,0,1004480,1
46982.727314,4,0,0,1004522,1
46985.980943,4,0,0,1004501,1
46986.664468,4,0,0,1004504,1
46989.379234,4,0,0,1004521,1
46996.545613,4,0,0,1004785,1
46999.356107,4,0,0,1004710,1
47001.735430,4,0,0,1004559,1
47004.827433,4,0,0,1004571,1
47008.805737,4,0,0,1004785,1
47015.726156,4,0,0,1004746,1
47024.899685,4,0,0,1004856,1
47026.530343,4,0,0,1004830,1
47027.993332,4,0,0,1004876,1
47029.808871,4,0,0,1004901,1
47039.384543,4,0,0,1004872,1
47050.417815,4,0,0,1004981,1
47052.417249,4,0,0,1005040,1
47060.984861,4,0,0,1004893,1
47064.741902,4,0,0,1004827,1
47079.884119,4,0,0,1005105,1
47083.918535,4,0,0,1004989,1
47095.127331,4,0,0,1005009,1
47098.992134,4,0,0,1004888,1
47101.044945,4,0,0,1004983,1
47110.087401,4,0,0,1004885,1
47112.054387,4,0,0,1004818,1
47119.482391,4,0,0,1004874,1
47123.098218,4,0,0,1004967,1
47124.966989,4,0,0,1004926,1
47128.058130,4,0,0,1004930,1
47139.365224,4,0,0,1005102,1
47141.052285,4,0,0,1005071,1
47141.483820,4,0,0,1005089,1
47152.678808,4,0,0,1005380,1
47153.279022,4,0,0,1005336,1
47154.534122,4,0,0,1005338,1
47157.657059,4,0,0,1005297,1
47164.891498,4,0,0,1005246,1
47183.036626,4,0,0,1005347,1
47184.025201,4,0,0,1005287,1
47185.289918,4,0,0,1005329,1
47211.854836,4,0,0,1005033,1
47215.809503,4,0,0,1004904,1
47225.266513,4,0,0,1004936,1
47227.441188,4,0,0,1004913,1
47229.078278,4,0,0,1004956,1
47239.018637,4,0,0,1004848,1
47240.125326,4,0,0,1004809,1
47241.599504,4,0,0,1004827,1
47243.796138,4,0,0,1004782,1
47245.746579,4,0,0,1004812,1
47246.617090,4,0,0,1004785,1
47248.252373,4,0,0,1004800,1
47249.162174,4,0,0,1004731,1
47252.798193,4,0,0,1004932,1
47258.467399,4,0,0,1005131,1
47261.933311,4,0,0,1005147,1
47262.283624,4,0,0,1005185,1
47266.549306,4,0,0,1005160,1
47272.514501,4,0,0,1005345,1
47273.444594,4,0,0,1005359,1
47276.611430,4,0,0,1005359,1
47293.494659,4,0,0,1005201,1
47301.883297,4,0,0,1005129,1
47304.792499,4,0,0,1005258,1
47306.225810,4,0,0,1005307,1
47307.060715,4,0,0,1005331,1
47307.284983,4,0,0,1005319,1
47308.561633,4,0,0,1005351,1
47311.764894,4,0,0,1005366,1
47315.063994,4,0,0,1005443,1
47315.969850,4,0,0,1005468,1
47318.865838,4,0,0,1005420,1
47321.646517,4,0,0,1005352,1
47329.572147,4,0,0,1005186,1
47341.723647,4,0,0,1005218,1
47356.796137,4,0,0,1004705,1
47359.987084,4,0,0,1004733,1
47369.086964,4,0,0,1004694,1
47373.714572,4,0,0,1004636,1
47374.227287,4,0,0,1004669,1
47374.588916,4,0,0,1004679,1
47379.029980,4,0,0,1004633,1
47384.501343,4,0,0,1004548,1
47389.541900,4,0,0,1004476,1
47392.703826,4,0,0,1004496,1
47396.996958,4,0,0,1004432,1
47402.197279,4,0,0,1004433,1
47408.008773,4,0,0,1004421,1
47408.751739,4,0,0,1004428,1
47411.841210,4,0,0,1004516,1
47413.763455,4,0,0,1004466,1
47416.921829,4,0,0,1004440,1
47419.311357,4,0,0,1004263,1
47419.673077,4,0,0,1004263,1
47427.131892,4,0,0,1004333,1
47430.659885,4,0,0,1004469,1
47440.586875,4,0,0,1004446,1
47440.797860,4,0,0,1004487,1
47441.282469,4,0,0,1004516,1
47441.926748,4,0,0,1004519,1
47451.685165,4,0,0,1004663,1
47455.063906,4,0,0,1004742,1
47461.701509,4,0,0,1004724,1
47462.085538,4,0,0,1004742,1
47468.639144,4,0,0,1004811,1
47469.024850,4,0,0,1004832,1
47480.553320,4,0,0,1005071,1
47483.984188,4,0,0,1005014,1
47499.297644,4,0,0,1004631,1
47504.116284,4,0,0,1004501,1
47508.515674,4,0,0,1004586,1
47509.387521,4,0,0,1004526,1
47514.167044,4,0,0,1004507,1
47520.869208,4,0,0,1004682,1
47525.374730,4,0,0,1004671,1
47530.961834,4,0,0,1004723,1
47541.265343,4,0,0,1004617,1
47546.968221,4,0,0,1004700,1
47551.887004,4,0,0,1004913,1
47555.470996,4,0,0,1004897,1
47558.375642,4,0,0,1004958,1
47564.338503,4,0,0,1004897,1
47572.754016,4,0,0,1004881,1
47578.985508,4,0,0,1004918,1
47579.489915,4,0,0,1004905,1
47580.905373,4,0,0,1004905,1
47585.453120,4,0,0,1005080,1
47589.457753,4,0,0,1004922,1
47601.388151,4,0,0,1004930,1
47620.962276,4,0,0,1004648,1
47631.772953,4,0,0,1004589,1
47636.222901,4,0,0,1004728,1
47642.297885,4,0,0,1004765,1
47651.324784,4,0,0,1004815,1
47652.080838,4,0,0,1004764,1
47653.873892,4,0,0,1004750,1
47653.995025,4,0,0,1004747,1
47658.670616,4,0,0,1004740,1
47670.703472,4,0,0,1004805,1
47670.726312,4,0,0,1004813,1
47671.371561,4,0,0,1004784,1
47672.438795,4,0,0,1004756,1
47679.660194,4,0,0,1004866,1
47681.868257,4,0,0,1004867,1
47682.923210,4,0,0,1004894,1
47685.149815,4,0,0,1004836,1
47686.565253,4,0,0,1004870,1
47687.943337,4,0,0,1004783,1
47691.931499,4,0,0,1004989,1
47697.236694,4,0,0,1004797,1
47698.607752,4,0,0,1004797,1
47702.423602,4,0,0,1004834,1
47702.568136,4,0,0,1004859,1
47719.729533,4,0,0,1004775,1
47720.246463,4,0,0,1004789,1
47724.158957,4,0,0,1004965,1
47751.988403,4,0,0,1004901,1
47753.844852,4,0,0,1004907,1
47755.462642,4,0,0,1004933,1
47761.871341,4,0,0,1005044,1
47764.867640,4,0,0,1005072,1
47766.349552,4,0,0,1005026,1
47770.415661,4,0,0,1005023,1
47778.804262,4,0,0,1005204,1
47784.091534,4,0,0,1004970,1
47785.403911,4,0,0,1004924,1
47790.671715,4,0,0,1004870,1
47803.374888,4,0,0,1004947,1
47804.424439,4,0,0,1005071,1
47809.466875,4,0,0,1005263,1
47812.776103,4,0,0,1005492,1
47817.980119,4,0,0,1005442,1
47818.688410,4,0,0,1005458,1
47819.955443,4,0,0,1005560,1
47821.997119,4,0,0,1005505,1
47830.745004,4,0,0,1005433,1
47833.063520,4,0,0,1005291,1
47835.031081,4,0,0,1005422,1
47841.499939,4,0,0,1005314,1
47842.213799,4,0,0,1005260,1
47844.057186,4,0,0,1005265,1
47847.882742,4,0,0,1005211,1
47849.915254,4,0,0,1005186,1
47854.270438,4,0,0,1005213,1
47858.668380,4,0,0,1005204,1
47859.396536,4,0,0,1005286,1
47860.081061,4,0,0,1005303,1
47867.412393,4,0,0,1005098,1
47869.994522,4,0,0,1005170,1
47870.766553,4,0,0,1005172,1
47871.146487,4,0,0,1005171,1
47873.741320,4,0,0,1005215,1
47882.565354,4,0,0,1005387,1
47883.662638,4,0,0,1005293,1
47909.012676,4,0,0,1005317,1
47909.113490,4,0,0,1005302,1
47913.416805,4,0,0,1005273,1
47919.157872,4,0,0,1005213,1
47922.790048,4,0,0,1005288,1
47924.223945,4,0,0,1005333,1
47926.042502,4,0,0,1005370,1
47929.900658,4,0,0,1005369,1
47940.689599,4,0,0,1005296,1
47943.291205,4,0,0,1005228,1
47945.312497,4,0,0,1005139,1
47947.757239,4,0,0,1005307,1
47982.686634,4,0,0,1005114,1
47984.167989,4,0,0,1005130,1
47985.066593,4,0,0,1005093,1
47995.743589,4,0,0,1005180,1
47996.384427,4,0,0,1005148,1
48005.127369,4,0,0,1005068,1
48009.818983,4,0,0,1005063,1
48024.967735,4,0,0,1005111,1
48026.795589,4,0,0,1005063,1
48036.047666,4,0,0,1004896,1
48036.485313,4,0,0,1004844,1
48043.773969,4,0,0,1004844,1
48045.668118,4,0,0,1004899,1
48048.618610,4,0,0,1004969,1
48056.241931,4,0,0,1005077,1
48061.058222,4,0,0,1005105,1
48063.988085,4,0,0,1005041,1
48065.642729,4,0,0,1005074,1
48072.374062,4,0,0,1005054,1
48075.371284,4,0,0,1004907,1
48076.712415,4,0,0,1004857,1
48079.091646,4,0,0,1004734,1
48086.689117,4,0,0,1004944,1
48086.977888,4,0,0,1004941,1
48088.837113,4,0,0,1005025,1
48095.049755,4,0,0,1005048,1
48099.583436,4,0,0,1005023,1
48102.350441,4,0,0,1005019,1
48103.159536,4,0,0,1005110,1
48103.392631,4,0,0,1005117,1
48105.842919,4,0,0,1005147,1
48111.415004,4,0,0,1005127,1
48112.905355,4,0,0,1005097,1
48124.011144,4,0,0,1005170,1
48128.629977,4,0,0,1005006,1
48131.533394,4,0,0,1005049,1
48138.250744,4,0,0,1004989,1
48139.953439,4,0,0,1005068,1
48150.679576,4,0,0,1004838,1
48152.869085,4,0,0,1004874,1
48152.894336,4,0,0,1004866,1
48171.258827,4,0,0,1004789,1
48174.534764,4,0,0,1004810,1
48185.716011,4,0,0,1004637,1
48186.267848,4,0,0,1004585,1
48187.333910,4,0,0,1004595,1
48190.493984,4,0,0,1004581,1
48201.286102,4,0,0,1004227,1
48201.747577,4,0,0,1004180,1
48205.443706,4,0,0,1004241,1
48212.227832,4,0,0,1004138,1
48214.593786,4,0,0,1004198,1
48217.410965,4,0,0,1004321,1
48230.385021,4,0,0,1004102,1
48234.066107,4,0,0,1004003,1
48239.664680,4,0,0,1004162,1
48245.007200,4,0,0,1004220,1
48255.883867,4,0,0,1004505,1
48257.880612,4,0,0,1004547,1
48261.667587,4,0,0,1004618,1
48262.816156,4,0,0,1004588,1
48264.750502,4,0,0,1004643,1
48272.996629,4,0,0,1004521,1
48288.849533,4,0,0,1004184,1
48290.749051,4,0,0,1004136,1
48297.604730,4,0,0,1004078,1
48301.291881,4,0,0,1003913,1
48306.930256,4,0,0,1003840,1
48309.111443,4,0,0,1003746,1
48311.195559,4,0,0,1003754,1
48312.299605,4,0,0,1003798,1
48315.626751,4,0,0,1003636,1
48315.901145,4,0,0,1003638,1
48325.310166,4,0,0,1003507,1
48326.647292,4,0,0,1003467,1
48331.448599,4,0,0,1003529,1
48334.818563,4,0,0,1003621,1
48336.858761,4,0,0,1003625,1
48350.621955,4,0,0,1003555,1
48359.657027,4,0,0,1003836,1
48366.011428,4,0,0,1003898,1
48366.613491,4,0,0,1003842,1
48369.579757,4,0,0,1003858,1
48374.612632,4,0,0,1004020,1
48375.091798,4,0,0,1004023,1
48380.780384,4,0,0,1004076,1
48388.883305,4,0,0,1004172,1
48403.126931,4,0,0,1003911,1
48406.459815,4,0,0,1004075,1
48406.599127,4,0,0,1004074,1
48407.713987,4,0,0,1003992,1
48415.534532,4,0,0,1004178,1
48416.302241,4,0,0,1004169,1
48420.956317,4,0,0,1004212,1
48426.018425,4,0,0,1003916,1
48428.828872,4,0,0,1003954,1
48436.180344,4,0,0,1004094,1
48436.806980,4,0,0,1004136,1
48441.433085,4,0,0,1003929,1
48443.721817,4,0,0,1003889,1
48453.036379,4,0,0,1003938,1
48455.448611,4,0,0,1003934,1
48456.449125,4,0,0,1003885,1
48458.467794,4,0,0,1004014,1
48462.025929,4,0,0,1003949,1
48462.425309,4,0,0,1003982,1
48471.953493,4,0,0,1004026,1
48476.988283,4,0,0,1004064,1
48478.781009,4,0,0,1004036,1
48483.258611,4,0,0,1004266,1
48502.941006,4,0,0,1004079,1
48507.354526,4,0,0,1003973,1
48509.846409,4,0,0,1004048,1
48515.314542,4,0,0,1004463,1
48522.062283,4,0,0,1004652,1
48527.609222,4,0,0,1004629,1
48528.742492,4,0,0,1004602,1
48528.843590,4,0,0,1004596,1
48530.665217,4,0,0,1004625,1
48533.391773,4,0,0,1004535,1
48541.899137,4,0,0,1004518,1
48542.341259,4,0,0,1004535,1
48551.210832,4,0,0,1004536,1
48551.503965,4,0,0,1004561,1
48553.304862,4,0,0,1004472,1
48555.778866,4,0,0,1004420,1
48568.607641,4,0,0,1004282,1
48582.837592,4,0,0,1004446,1
48583.036133,4,0,0,1004417,1
48584.078601,4,0,0,1004431,1
48586.920794,4,0,0,1004491,1
48588.440905,4,0,0,1004532,1
48603.093323,4,0,0,1004510,1
48607.620888,4,0,0,1004477,1
48609.510662,4,0,0,1004519,1
48613.887105,4,0,0,1004511,1
48619.251271,4,0,0,1004475,1
48628.535245,4,0,0,1004243,1
48638.979800,4,0,0,1003911,1
48641.593782,4,0,0,1003894,1
48648.383010,4,0,0,1003856,1
48665.737022,4,0,0,1004003,1
48669.384627,4,0,0,1004121,1
48675.671946,4,0,0,1004164,1
48678.879876,4,0,0,1004204,1
48681.185346,4,0,0,1004232,1
48682.272218,4,0,0,1004323,1
48682.729295,4,0,0,1004346,1
48684.604485,4,0,0,1004369,1
48686.698431,4,0,0,1004369,1
48690.732415,4,0,0,1004450,1
48696.039365,4,0,0,1004323,1
48701.969294,4,0,0,1004267,1
48708.976780,4,0,0,1004137,1
48713.036294,4,0,0,1004058,1
48716.467156,4,0,0,1004218,1
48720.989025,4,0,0,1004350,1
48726.784498,4,0,0,1004518,1
48735.713371,4,0,0,1004576,1
48737.100476,4,0,0,1004537,1
48746.465661,4,0,0,1004459,1
48747.520184,4,0,0,1004375,1
48747.604107,4,0,0,1004341,1
48755.218472,4,0,0,1004384,1
48756.472404,4,0,0,1004344,1
48765.188536,4,0,0,1004278,1
48767.297506,4,0,0,1004377,1
48769.377667,4,0,0,1004427,1
48779.119769,4,0,0,1004500,1
48785.918868,4,0,0,1004344,1
48786.206147,4,0,0,1004354,1
48800.009240,4,0,0,1004200,1
48801.126157,4,0,0,1004150,1
48806.376341,4,0,0,1003997,1
48819.867454,4,0,0,1003934,1
48828.698373,4,0,0,1004242,1
48831.900949,4,0,0,1004080,1
48845.953989,4,0,0,1004006,1
48851.486903,4,0,0,1003944,1
48852.861674,4,0,0,1004000,1
48868.785930,4,0,0,1003915,1
48872.789344,4,0,0,1003937,1
48874.649221,4,0,0,1003923,1
48877.374346,4,0,0,1003818,1
48878.405082,4,0,0,1003809,1
48882.478673,4,0,0,1003722,1
48886.476018,4,0,0,1003753,1
48887.307320,4,0,0,1003800,1
48889.868628,4,0,0,1003741,1
48891.348718,4,0,0,1003749,1
48902.147583,4,0,0,1003601,1
48903.183472,4,0,0,1003583,1
48907.664268,4,0,0,1003562,1
48912.549651,4,0,0,1003670,1
48916.973836,4,0,0,1003805,1
48919.205971,4,0,0,1003808,1
48920.546879,4,0,0,1003775,1
48920.586521,4,0,0,1003776,1
48921.681206,4,0,0,1003832,1
48929.723126,4,0,0,1004060,1
48931.280120,4,0,0,1003975,1
48934.929744,4,0,0,1003879,1
48936.617781,4,0,0,1003958,1
48936.935166,4,0,0,1003974,1
48939.550999,4,0,0,1004136,1
48962.845819,4,0,0,1004166,1
48965.301263,4,0,0,1004118,1
48967.241246,4,0,0,1004114,1
48971.308693,4,0,0,1004229,1
48973.431217,4,0,0,1004165,1
48974.718240,4,0,0,1004214,1
48977.016483,4,0,0,1004308,1
48988.033841,4,0,0,1004426,1
48988.769810,4,0,0,1004390,1
48989.441399,4,0,0,1004440,1
48996.147481,4,0,0,1004405,1
48997.140838,4,0,0,1004417,1
48997.811323,4,0,0,1004423,1
48999.144558,4,0,0,1004518,1
49009.386393,4,0,0,1004429,1
49022.857405,4,0,0,1004523,1
49035.757916,4,0,0,1004607,1
49037.558441,4,0,0,1004635,1
49048.848667,4,0,0,1004512,1
49049.161423,4,0,0,1004478,1
49052.304272,4,0,0,1004499,1
49056.144046,4,0,0,1004652,1
49058.995918,4,0,0,1004642,1
49077.346821,4,0,0,1004922,1
49084.053743,4,0,0,1004847,1
49087.156550,4,0,0,1004892,1
49093.462645,4,0,0,1004941,1
49100.334588,4,0,0,1004877,1
49100.903515,4,0,0,1004855,1
49102.763726,4,0,0,1004815,1
49104.660418,4,0,0,1004774,1
49118.375619,4,0,0,1004572,1
49127.558000,4,0,0,1004772,1
49129.266797,4,0,0,1004779,1
49150.467539,4,0,0,1004918,1
49150.827455,4,0,0,1004878,1
49152.770421,4,0,0,1004896,1
49153.844445,4,0,0,1004856,1
49157.359751,4,0,0,1004728,1
49168.604200,4,0,0,1004851,1
49176.015687,4,0,0,1004877,1
49176.197236,4,0,0,1004839,1
49177.562131,4,0,0,1004802,1
49184.748178,4,0,0,1004684,1
49186.319649,4,0,0,1004600,1
49194.463920,4,0,0,1004346,1
49199.121979,4,0,0,1004198,1
49204.832457,4,0,0,1004152,1
49210.819619,4,0,0,1004273,1
49214.930483,4,0,0,1004488,1
49215.905022,4,0,0,1004534,1
49223.885757,4,0,0,1004480,1
49227.850927,4,0,0,1004394,1
49233.964054,4,0,0,1004302,1
49234.091062,4,0,0,1004302,1
49235.048966,4,0,0,1004229,1
49239.031422,4,0,0,1003963,1
49246.756420,4,0,0,1004120,1
49248.899828,4,0,0,1004144,1
49255.550740,4,0,0,1004049,1
49255.557968,4,0,0,1004057,1
49255.776250,4,0,0,1004046,1
49261.351656,4,0,0,1003996,1
49282.230432,4,0,0,1004294,1
49284.044115,4,0,0,1004168,1
49286.002551,4,0,0,1004278,1
49287.989702,4,0,0,1004310,1
49292.134774,4,0,0,1004071,1
49294.532723,4,0,0,1004044,1
49296.697034,4,0,0,1003975,1
49303.664708,4,0,0,1004140,1
49303.673786,4,0,0,1004140,1
49313.450236,4,0,0,1004267,1
49319.908933,4,0,0,1004378,1
49334.920461,4,0,0,1004505,1
49343.714541,4,0,0,1004341,1
49351.259839,4,0,0,1004289,1
49352.916333,4,0,0,1004289,1
49360.170976,4,0,0,1004329,1
49364.519036,4,0,0,1004332,1
49366.574033,4,0,0,1004363,1
49374.510436,4,0,0,1004132,1
49377.724543,4,0,0,1004104,1
49397.592443,4,0,0,1003687,1
49403.706090,4,0,0,1003846,1
49413.833593,4,0,0,1003779,1
49424.907024,4,0,0,1004080,1
49429.110723,4,0,0,1004113,1
49439.777399,4,0,0,1004112,1
49444.126973,4,0,0,1004226,1
49447.551391,4,0,0,1004367,1
49472.934696,4,0,0,1004400,1
49478.627517,4,0,0,1004153,1
49484.235117,4,0,0,1004129,1
49505.504483,4,0,0,1004367,1
49510.244799,4,0,0,1004346,1
49510.258412,4,0,0,1004343,1
49515.649386,4,0,0,1004165,1
49520.386502,4,0,0,1004163,1
49526.605562,4,0,0,1004112,1
49544.184001,4,0,0,1004009,1
49550.569422,4,0,0,1003987,1
49575.385234,4,0,0,1003729,1
49582.798950,4,0,0,1003674,1
49601.493629,4,0,0,1003857,1
49604.224754,4,0,0,1003709,1
49605.575842,4,0,0,1003721,1
49609.406236,4,0,0,1003729,1
49619.886419,4,0,0,1003869,1
49629.272162,4,0,0,1004048,1
49634.570787,4,0,0,1003952,1
49637.041199,4,0,0,1003894,1
49638.579513,4,0,0,1003844,1
49638.701185,4,0,0,1003841,1
49641.284300,4,0,0,1003925,1
49644.628516,4,0,0,1003867,1
49663.854644,4,0,0,1004156,1
49667.861208,4,0,0,1004327,1
49671.991620,4,0,0,1004307,1
49674.987721,4,0,0,1004288,1
49675.057742,4,0,0,1004296,1
49676.672496,4,0,0,1004403,1
49681.793308,4,0,0,1004339,1
49687.680412,4,0,0,1004470,1
49702.045088,4,0,0,1004616,1
49705.185464,4,0,0,1004635,1
49710.757436,4,0,0,1004835,1
49718.371066,4,0,0,1004797,1
49725.160361,4,0,0,1005007,1
49725.802731,4,0,0,1004999,1
49736.374288,4,0,0,1005249,1
49743.059615,4,0,0,1005265,1
49748.350887,4,0,0,1005255,1
49749.094323,4,0,0,1005262,1
49762.809444,4,0,0,1005047,1
49768.254919,4,0,0,1005141,1
49769.264728,4,0,0,1005211,1
49773.473103,4,0,0,1005254,1
49774.239891,4,0,0,1005257,1
49774.510249,4,0,0,1005257,1
49780.454932,4,0,0,1005050,1
49786.844400,4,0,0,1005122,1
49790.306822,4,0,0,1005228,1
49791.082167,4,0,0,1005266,1
49792.974497,4,0,0,1005260,1
49793.503410,4,0,0,1005258,1
49794.732564,4,0,0,1005270,1
49795.058323,4,0,0,1005315,1
49800.260023,4,0,0,1005089,1
49807.462000,4,0,0,1004957,1
49810.943855,4,0,0,1004763,1
49816.108971,4,0,0,1004838,1
49816.887609,4,0,0,1004817,1
49828.294387,4,0,0,1004977,1
49832.605095,4,0,0,1004968,1
49833.240832,4,0,0,1004968,1
49836.891733,4,0,0,1005098,1
49839.825554,4,0,0,1005172,1
49849.506883,4,0,0,1005086,1
49856.127664,4,0,0,1005285,1
49856.616315,4,0,0,1005296,1
49861.607845,4,0,0,1005326,1
49861.869933,4,0,0,1005316,1
49865.143284,4,0,0,1005180,1
49873.780366,4,0,0,1005036,1
49874.777687,4,0,0,1004993,1
49879.758735,4,0,0,1005016,1
49882.250763,4,0,0,1005117,1
49882.835061,4,0,0,1005118,1
49893.226793,4,0,0,1005150,1
49899.306747,4,0,0,1004897,1
49900.791917,4,0,0,1004866,1
49901.863606,4,0,0,1004877,1
49903.977904,4,0,0,1004815,1
49909.971197,4,0,0,1004648,1
49921.782840,4,0,0,1004701,1
49925.244298,4,0,0,1004753,1
49925.260199,4,0,0,1004745,1
49925.325725,4,0,0,1004753,1
49926.668253,4,0,0,1004731,1
49933.977226,4,0,0,1004808,1
49934.856875,4,0,0,1004774,1
49938.961020,4,0,0,1004869,1
49939.101826,4,0,0,1004875,1
49940.963007,4,0,0,1004796,1
49946.123623,4,0,0,1004917,1
49951.581627,4,0,0,1004704,1
49951.667841,4,0,0,1004696,1
49952.592103,4,0,0,1004810,1
49953.845898,4,0,0,1004908,1
49955.260546,4,0,0,1004908,1
49957.383906,4,0,0,1004951,1
49964.750939,4,0,0,1004835,1
49965.273605,4,0,0,1004896,1
49966.525818,4,0,0,1004849,1
49969.694237,4,0,0,1004903,1
49976.932159,4,0,0,1005006,1
49983.972527,4,0,0,1005009,1
49984.523110,4,0,0,1004994,1
49988.182425,4,0,0,1004990,1
49993.189861,4,0,0,1005032,1
49995.925983,4,0,0,1005078,1
50005.075913,4,0,0,1004876,1
50005.633311,4,0,0,1004886,1
50009.563449,4,0,0,1004862,1
50015.585177,4,0,0,1004897,1
50034.544860,4,0,0,1005097,1
50034.592075,4,0,0,1005095,1
50040.739352,4,0,0,1005133,1
50042.731813,4,0,0,1005109,1
50049.267563,4,0,0,1005211,1
50052.844806,4,0,0,1005291,1
50060.083391,4,0,0,1005299,1
50060.943829,4,0,0,1005366,1
50072.708541,4,0,0,1005377,1
50075.053592,4,0,0,1005377,1
50082.830923,4,0,0,1005591,1
50084.486410,4,0,0,1005639,1
50085.179903,4,0,0,1005589,1
50087.188060,4,0,0,1005355,1
50092.556430,4,0,0,1005608,1
50104.622016,4,0,0,1005969,1
50107.906313,4,0,0,1005708,1
50109.847165,4,0,0,1005672,1
50122.686910,4,0,0,1005425,1
50129.134208,4,0,0,1005455,1
50132.010977,4,0,0,1005453,1
50137.066762,4,0,0,1005480,1
50138.472017,4,0,0,1005508,1
50141.765183,4,0,0,1005598,1
50144.208617,4,0,0,1005443,1
50145.556402,4,0,0,1005312,1
50145.999231,4,0,0,1005300,1
50147.237497,4,0,0,1005324,1
50154.906459,4,0,0,1005401,1
50161.725225,4,0,0,1005294,1
50164.481258,4,0,0,1005414,1
50174.654504,4,0,0,1005149,1
50175.476801,4,0,0,1005096,1
50181.812094,4,0,0,1005240,1
50188.690308,4,0,0,1005361,1
50189.022454,4,0,0,1005369,1
50198.621283,4,0,0,1005581,1
50205.733992,4,0,0,1005709,1
50208.719048,4,0,0,1005656,1
50211.979598,4,0,0,1005694,1
50216.174130,4,0,0,1005707,1
50219.287476,4,0,0,1005614,1
50219.556017,4,0,0,1005604,1
50222.252698,4,0,0,1005634,1
50231.821719,4,0,0,1005469,1
50235.476066,4,0,0,1005367,1
50236.817314,4,0,0,1005417,1
50248.220587,4,0,0,1005434,1
50250.878099,4,0,0,1005395,1
50251.850157,4,0,0,1005341,1
50256.176278,4,0,0,1005230,1
50257.090973,4,0,0,1005276,1
50261.765539,4,0,0,1005355,1
50267.172621,4,0,0,1005288,1
50268.194681,4,0,0,1005272,1
50269.999987,4,0,0,1005217,1
50274.238365,4,0,0,1005135,1
50275.425992,4,0,0,1005060,1
50283.665568,4,0,0,1005075,1
50289.948329,4,0,0,1005054,1
50290.870024,4,0,0,1005057,1
50295.121344,4,0,0,1004973,1
50299.185442,4,0,0,1005035,1
50301.420036,4,0,0,1005113,1
50306.535183,4,0,0,1004870,1
50309.218618,4,0,0,1004823,1
50312.026813,4,0,0,1004737,1
50314.422390,4,0,0,1004709,1
50318.500996,4,0,0,1004571,1
50318.506255,4,0,0,1004574,1
50322.897326,4,0,0,1004568,1
50323.506614,4,0,0,1004565,1
50324.738746,4,0,0,1004601,1
50332.758519,4,0,0,1004730,1
50333.990003,4,0,0,1004714,1
50338.620649,4,0,0,1004789,1
50340.016209,4,0,0,1004811,1
50365.896620,4,0,0,1004747,1
50385.073318,4,0,0,1004754,1
50387.001557,4,0,0,1004690,1
50398.597094,4,0,0,1004594,1
50410.142954,4,0,0,1004828,1
50411.234271,4,0,0,1004920,1
50413.485589,4,0,0,1004934,1
50414.483352,4,0,0,1004925,1
50415.724041,4,0,0,1004881,1
50419.296764,4,0,0,1005047,1
50422.631109,4,0,0,1004930,1
50425.503952,4,0,0,1004723,1
50426.563667,4,0,0,1004717,1
