34199.000000,1,0,100,999000,1
34199.000000,1,0,100,999100,1
34199.000000,1,0,100,999200,1
34199.000000,1,0,100,999300,1
34199.000000,1,0,100,999400,1
34199.000000,1,0,100,999500,1
34199.000000,1,0,100,999600,1
34199.000000,1,0,100,999700,1
34199.000000,1,0,100,999800,1
34199.000000,1,0,100,999900,1
34199.000000,1,0,100,1000100,-1
34199.000000,1,0,100,1000200,-1
34199.000000,1,0,100,1000300,-1
34199.000000,1,0,100,1000400,-1
34199.000000,1,0,100,1000500,-1
34199.000000,1,0,100,1000600,-1
34199.000000,1,0,100,1000700,-1
34199.000000,1,0,100,1000800,-1
34199.000000,1,0,100,1000900,-1
34199.000000,1,0,100,1001000,-1
34200.000000,4,0,0,1000000,1
34200.125562,4,0,0,999973,1
34203.938845,4,0,0,1000060,1
34206.670617,4,0,0,1000121,1
34209.277445,4,0,0,1000006,1
34211.194117,4,0,0,999929,1
34212.288600,4,0,0,999934,1
34216.904489,4,0,0,999789,1
34218.607038,4,0,0,999793,1
34220.090626,4,0,0,999822,1
34224.729961,4,0,0,999864,1
34228.330252,4,0,0,999979,1
34229.021154,4,0,0,999978,1
34232.466000,4,0,0,999979,1
34233.440547,4,0,0,999938,1
34240.795424,4,0,0,999922,1
34249.992046,4,0,0,999816,1
34253.250509,4,0,0,999691,1
34262.210406,4,0,0,999766,1
34262.607128,4,0,0,999759,1
34265.970789,4,0,0,999731,1
34266.293512,4,0,0,999718,1
34268.964720,4,0,0,999545,1
34269.449954,4,0,0,999564,1
34270.100048,4,0,0,999517,1
34274.441182,4,0,0,999631,1
34275.665813,4,0,0,999438,1
34276.206468,4,0,0,999485,1
34277.395990,4,0,0,999458,1
34279.453855,4,0,0,999374,1
34282.468661,4,0,0,999399,1
34283.545714,4,0,0,999451,1
34288.434610,4,0,0,999453,1
34291.588681,4,0,0,999525,1
34294.952252,4,0,0,999351,1
34297.290701,4,0,0,999223,1
34304.834118,4,0,0,998961,1
34308.980818,4,0,0,998982,1
34309.827325,4,0,0,999053,1
34315.594318,4,0,0,999062,1
34331.557905,4,0,0,999189,1
34334.871228,4,0,0,999170,1
34345.401192,4,0,0,999063,1
34347.399057,4,0,0,999043,1
34351.401592,4,0,0,999154,1
34354.067985,4,0,0,999270,1
34356.811834,4,0,0,999315,1
34363.975183,4,0,0,999247,1
34367.641529,4,0,0,999167,1
34382.332983,4,0,0,998754,1
34386.088720,4,0,0,998792,1
34386.498181,4,0,0,998798,1
34388.679039,4,0,0,998584,1
34397.774453,4,0,0,998416,1
34400.266453,4,0,0,998350,1
34400.398282,4,0,0,998371,1
34401.755446,4,0,0,998350,1
34402.087679,4,0,0,998329,1
34426.425672,4,0,0,998695,1
34443.280388,4,0,0,998822,1
34450.979680,4,0,0,998606,1
34455.381313,4,0,0,998602,1
34462.302748,4,0,0,998285,1
34463.188945,4,0,0,998202,1
34464.846446,4,0,0,998137,1
34468.395490,4,0,0,998182,1
34470.503597,4,0,0,998187,1
34470.727086,4,0,0,998179,1
34490.246738,4,0,0,998042,1
34493.029849,4,0,0,997949,1
34496.381491,4,0,0,998010,1
34498.249916,4,0,0,998136,1
34499.687550,4,0,0,998074,1
34502.025977,4,0,0,998000,1
34510.552980,4,0,0,998079,1
34516.932559,4,0,0,998120,1
34519.211488,4,0,0,998151,1
34519.274120,4,0,0,998161,1
34526.905610,4,0,0,998256,1
34528.405927,4,0,0,998166,1
34532.583234,4,0,0,998193,1
34532.706955,4,0,0,998196,1
34537.894724,4,0,0,998288,1
34540.238093,4,0,0,998192,1
34543.523443,4,0,0,998120,1
34546.085440,4,0,0,998110,1
34548.150998,4,0,0,998170,1
34551.978264,4,0,0,998395,1
34569.227449,4,0,0,998581,1
34569.799414,4,0,0,998597,1
34571.595725,4,0,0,998674,1
34571.799814,4,0,0,998682,1
34578.209496,4,0,0,998532,1
34583.331361,4,0,0,998871,1
34584.486246,4,0,0,998836,1
34587.063360,4,0,0,998754,1
34591.998139,4,0,0,998847,1
34597.175721,4,0,0,998846,1
34598.069125,4,0,0,998846,1
34608.270256,4,0,0,998621,1
34615.464704,4,0,0,998747,1
34616.152152,4,0,0,998709,1
34625.864737,4,0,0,998606,1
34632.467914,4,0,0,998579,1
34640.127344,4,0,0,998333,1
34643.874040,4,0,0,998451,1
34645.066823,4,0,0,998461,1
34657.048586,4,0,0,998584,1
34661.334790,4,0,0,998457,1
34663.366346,4,0,0,998509,1
34664.830098,4,0,0,998460,1
34676.552693,4,0,0,998660,1
34679.154309,4,0,0,998707,1
34682.868107,4,0,0,998660,1
34687.349940,4,0,0,998689,1
34695.715594,4,0,0,998682,1
34700.385678,4,0,0,998656,1
34701.315147,4,0,0,998629,1
34705.591667,4,0,0,998643,1
34708.803381,4,0,0,998791,1
34712.598075,4,0,0,998694,1
34718.345433,4,0,0,998733,1
34719.693931,4,0,0,998719,1
34720.681315,4,0,0,998818,1
34721.241479,4,0,0,998777,1
34722.772451,4,0,0,998829,1
34722.821699,4,0,0,998812,1
34727.565960,4,0,0,998807,1
34729.238013,4,0,0,998846,1
34730.229274,4,0,0,998829,1
34730.707937,4,0,0,998782,1
34732.303186,4,0,0,998808,1
34733.459827,4,0,0,998651,1
34735.067425,4,0,0,998615,1
34738.114875,4,0,0,998619,1
34741.926400,4,0,0,998603,1
34750.841388,4,0,0,998425,1
34772.190073,4,0,0,998661,1
34772.429563,4,0,0,998679,1
34773.692055,4,0,0,998681,1
34778.619720,4,0,0,998854,1
34779.461481,4,0,0,998849,1
34789.219104,4,0,0,998901,1
34790.390858,4,0,0,998991,1
34796.862245,4,0,0,998978,1
34801.921825,4,0,0,998951,1
34809.588376,4,0,0,999103,1
34809.740123,4,0,0,999099,1
34810.986803,4,0,0,999165,1
34816.816099,4,0,0,999202,1
34817.254117,4,0,0,999178,1
34817.402618,4,0,0,999161,1
34819.514520,4,0,0,999114,1
34823.773818,4,0,0,999187,1
34824.030197,4,0,0,999182,1
34824.354849,4,0,0,999205,1
34824.567443,4,0,0,999209,1
34826.970712,4,0,0,999210,1
34832.247390,4,0,0,999430,1
34833.302242,4,0,0,999352,1
34843.290649,4,0,0,999359,1
34845.997654,4,0,0,999443,1
34850.618198,4,0,0,999462,1
34852.258176,4,0,0,999520,1
34856.823905,4,0,0,999571,1
34871.506864,4,0,0,999522,1
34874.347303,4,0,0,999541,1
34875.456238,4,0,0,999481,1
34878.104474,4,0,0,999432,1
34880.915211,4,0,0,999459,1
34884.301838,4,0,0,999495,1
34887.867648,4,0,0,999578,1
34888.074888,4,0,0,999534,1
34888.933510,4,0,0,999556,1
34891.793146,4,0,0,999593,1
34897.676861,4,0,0,999674,1
34904.862269,4,0,0,999560,1
34912.037266,4,0,0,999540,1
34915.377149,4,0,0,999454,1
34930.389706,4,0,0,999530,1
34932.317375,4,0,0,999510,1
34935.456567,4,0,0,999597,1
34942.052065,4,0,0,999726,1
34951.376883,4,0,0,999617,1
34953.935239,4,0,0,999708,1
34962.961735,4,0,0,999798,1
34965.772444,4,0,0,999689,1
34971.785162,4,0,0,999771,1
34971.825717,4,0,0,999770,1
34971.947724,4,0,0,999748,1
34985.431852,4,0,0,1000035,1
34985.946843,4,0,0,1000023,1
34991.131299,4,0,0,1000138,1
34992.723232,4,0,0,1000170,1
34993.794893,4,0,0,1000139,1
34996.144594,4,0,0,1000009,1
35008.583881,4,0,0,999972,1
35012.621107,4,0,0,1000048,1
35024.501712,4,0,0,999930,1
35030.292916,4,0,0,999874,1
35033.617803,4,0,0,999903,1
35036.989593,4,0,0,999889,1
35038.170018,4,0,0,999956,1
35038.192362,4,0,0,999957,1
35040.778358,4,0,0,999871,1
35044.739464,4,0,0,999783,1
35054.739296,4,0,0,999696,1
35060.149851,4,0,0,999918,1
35068.979803,4,0,0,999776,1
35081.435872,4,0,0,999818,1
35094.973710,4,0,0,999730,1
35103.065885,4,0,0,999818,1
35103.739226,4,0,0,999832,1
35105.773650,4,0,0,999769,1
35106.891351,4,0,0,999767,1
35116.548284,4,0,0,999565,1
35124.061517,4,0,0,999598,1
35126.113324,4,0,0,999773,1
35130.137956,4,0,0,999804,1
35137.955314,4,0,0,999734,1
35146.514991,4,0,0,999871,1
35147.616360,4,0,0,999899,1
35153.887031,4,0,0,1000010,1
35161.662447,4,0,0,1000092,1
35161.873182,4,0,0,1000100,1
35162.415131,4,0,0,1000077,1
35165.144882,4,0,0,1000093,1
35166.337931,4,0,0,1000011,1
35176.497634,4,0,0,1000209,1
35182.577079,4,0,0,1000220,1
35188.543946,4,0,0,1000377,1
35195.566081,4,0,0,1000255,1
35197.485696,4,0,0,1000041,1
35198.726400,4,0,0,1000007,1
35203.431926,4,0,0,999843,1
35205.990438,4,0,0,999819,1
35219.188743,4,0,0,999810,1
35224.104910,4,0,0,999723,1
35226.443419,4,0,0,999704,1
35235.677648,4,0,0,999916,1
35237.968773,4,0,0,999856,1
35238.907527,4,0,0,999838,1
35246.181249,4,0,0,999763,1
35249.235927,4,0,0,999766,1
35250.671855,4,0,0,999891,1
35256.307248,4,0,0,999710,1
35275.124081,4,0,0,999462,1
35276.475383,4,0,0,999468,1
35283.940832,4,0,0,999501,1
35290.809187,4,0,0,999424,1
35291.420446,4,0,0,999426,1
35300.147513,4,0,0,999128,1
35303.108300,4,0,0,999198,1
35303.750850,4,0,0,999170,1
35307.424812,4,0,0,999120,1
35309.105964,4,0,0,999047,1
35310.029700,4,0,0,999019,1
35310.424307,4,0,0,998995,1
35311.484360,4,0,0,998995,1
35314.167840,4,0,0,998800,1
35319.075450,4,0,0,998690,1
35319.512508,4,0,0,998657,1
35325.524949,4,0,0,998515,1
35326.037848,4,0,0,998490,1
35326.960858,4,0,0,998447,1
35332.932962,4,0,0,998493,1
35343.282229,4,0,0,998384,1
35362.797603,4,0,0,998094,1
35367.855619,4,0,0,998215,1
35370.960624,4,0,0,998193,1
35371.399822,4,0,0,998224,1
35375.312724,4,0,0,998275,1
35376.268030,4,0,0,998392,1
35379.720979,4,0,0,998441,1
35384.208773,4,0,0,998422,1
35392.769919,4,0,0,998459,1
35394.639823,4,0,0,998475,1
35416.137399,4,0,0,998654,1
35441.416040,4,0,0,998660,1
35449.778971,4,0,0,998608,1
35455.441688,4,0,0,998544,1
35461.765716,4,0,0,998802,1
35471.715736,4,0,0,998814,1
35486.181932,4,0,0,998584,1
35495.322827,4,0,0,998426,1
35500.218799,4,0,0,998390,1
35500.583702,4,0,0,998433,1
35505.251521,4,0,0,998590,1
35507.334356,4,0,0,998657,1
35508.195035,4,0,0,998637,1
35518.885414,4,0,0,998826,1
35527.213816,4,0,0,998988,1
35530.788758,4,0,0,998895,1
35533.764758,4,0,0,998847,1
35536.976801,4,0,0,998939,1
35538.420736,4,0,0,998898,1
35540.883545,4,0,0,998812,1
35543.626736,4,0,0,998854,1
35543.699252,4,0,0,998843,1
35554.377998,4,0,0,998777,1
35554.519403,4,0,0,998764,1
35556.749932,4,0,0,998719,1
35557.231688,4,0,0,998752,1
35558.280210,4,0,0,998825,1
35571.925153,4,0,0,999179,1
35574.143337,4,0,0,999113,1
35580.384294,4,0,0,999010,1
35581.028916,4,0,0,999037,1
35582.412219,4,0,0,999015,1
35592.596540,4,0,0,998833,1
35603.763108,4,0,0,998727,1
35605.384318,4,0,0,998821,1
35621.706497,4,0,0,999296,1
35626.978452,4,0,0,999077,1
35630.320527,4,0,0,999073,1
35632.590163,4,0,0,999186,1
35634.557304,4,0,0,999190,1
35649.073100,4,0,0,999219,1
35654.723038,4,0,0,999380,1
35658.373945,4,0,0,999424,1
35658.586481,4,0,0,999409,1
35659.946018,4,0,0,999319,1
35673.653641,4,0,0,999138,1
35677.543939,4,0,0,998949,1
35679.658692,4,0,0,999028,1
35679.704079,4,0,0,999026,1
35681.101868,4,0,0,999072,1
35682.504002,4,0,0,999093,1
35683.398607,4,0,0,999147,1
35685.420975,4,0,0,999145,1
35686.503455,4,0,0,999190,1
35686.813997,4,0,0,999193,1
35687.306800,4,0,0,999212,1
35690.588861,4,0,0,999218,1
35690.934004,4,0,0,999233,1
35704.010810,4,0,0,999082,1
35705.114009,4,0,0,999121,1
35708.096812,4,0,0,999136,1
35710.656868,4,0,0,999178,1
35712.302986,4,0,0,999213,1
35714.171320,4,0,0,999217,1
35715.307749,4,0,0,999291,1
35716.879780,4,0,0,999447,1
35717.475125,4,0,0,999449,1
35723.061858,4,0,0,999379,1
35728.005829,4,0,0,999298,1
35729.790120,4,0,0,999388,1
35739.936903,4,0,0,999493,1
35742.271324,4,0,0,999634,1
35746.785582,4,0,0,999658,1
35750.325621,4,0,0,999523,1
35752.204767,4,0,0,999380,1
35764.901740,4,0,0,999324,1
35773.912999,4,0,0,999252,1
35782.706405,4,0,0,999279,1
35797.454657,4,0,0,999082,1
35797.466538,4,0,0,999071,1
35800.705027,4,0,0,998977,1
35813.989702,4,0,0,999049,1
35814.679758,4,0,0,998967,1
35816.023080,4,0,0,998909,1
35819.384962,4,0,0,998903,1
35824.807938,4,0,0,998984,1
35826.741952,4,0,0,999012,1
35828.490518,4,0,0,999074,1
35835.637610,4,0,0,999183,1
35835.797289,4,0,0,999148,1
35843.162481,4,0,0,998792,1
35845.837184,4,0,0,998872,1
35850.576930,4,0,0,998889,1
35856.420416,4,0,0,998990,1
35856.915913,4,0,0,998995,1
35868.109745,4,0,0,999113,1
35876.368289,4,0,0,999209,1
35878.617824,4,0,0,999306,1
35879.653447,4,0,0,999322,1
35879.963499,4,0,0,999287,1
35881.727556,4,0,0,999356,1
35887.697500,4,0,0,999566,1
35895.716518,4,0,0,999891,1
35897.606522,4,0,0,999962,1
35898.795944,4,0,0,1000015,1
35900.691672,4,0,0,1000066,1
35916.630480,4,0,0,1000425,1
35917.113385,4,0,0,1000408,1
35917.959235,4,0,0,1000383,1
35923.623306,4,0,0,1000364,1
35924.342925,4,0,0,1000314,1
35925.825199,4,0,0,1000400,1
35933.594825,4,0,0,1000162,1
35935.303911,4,0,0,1000186,1
35939.648260,4,0,0,1000117,1
35943.713802,4,0,0,1000019,1
35945.188376,4,0,0,1000015,1
35946.555437,4,0,0,1000034,1
35948.190356,4,0,0,999995,1
35958.166171,4,0,0,1000069,1
35958.256687,4,0,0,1000062,1
35958.716095,4,0,0,1000114,1
35960.711030,4,0,0,1000086,1
35961.900524,4,0,0,1000110,1
35965.855954,4,0,0,1000083,1
35969.562165,4,0,0,1000191,1
35972.831274,4,0,0,1000151,1
35974.541325,4,0,0,1000099,1
35977.965291,4,0,0,1000055,1
35985.340103,4,0,0,1000292,1
35993.341853,4,0,0,1000181,1
35996.979841,4,0,0,1000106,1
36004.826815,4,0,0,1000247,1
36004.993526,4,0,0,1000274,1
36005.793287,4,0,0,1000255,1
36012.385197,4,0,0,1000180,1
36014.707902,4,0,0,1000179,1
36016.536619,4,0,0,1000156,1
36020.593179,4,0,0,1000058,1
36022.820109,4,0,0,1000051,1
36034.305187,4,0,0,999735,1
36036.644248,4,0,0,999717,1
36045.293226,4,0,0,999557,1
36049.694218,4,0,0,999473,1
36061.312639,4,0,0,999451,1
36064.475815,4,0,0,999497,1
36079.687691,4,0,0,999494,1
36083.797043,4,0,0,999476,1
36083.931535,4,0,0,999493,1
36090.349833,4,0,0,999565,1
36099.795920,4,0,0,999689,1
36100.291849,4,0,0,999725,1
36116.108313,4,0,0,999610,1
36120.069965,4,0,0,999498,1
36126.521899,4,0,0,999355,1
36127.734128,4,0,0,999348,1
36141.277377,4,0,0,999182,1
36146.205270,4,0,0,999163,1
36149.951688,4,0,0,999153,1
36165.506999,4,0,0,998903,1
36169.398468,4,0,0,998960,1
36173.024474,4,0,0,998976,1
36173.243398,4,0,0,998955,1
36177.022060,4,0,0,998901,1
36183.541926,4,0,0,998853,1
36185.738355,4,0,0,998907,1
36191.174794,4,0,0,998823,1
36195.143917,4,0,0,998777,1
36196.258433,4,0,0,998697,1
36200.041575,4,0,0,998668,1
36203.130613,4,0,0,998546,1
36205.100289,4,0,0,998464,1
36210.294192,4,0,0,998362,1
36210.595827,4,0,0,998420,1
36212.825430,4,0,0,998333,1
36215.546944,4,0,0,998421,1
36232.968038,4,0,0,998588,1
36238.694423,4,0,0,998497,1
36243.392850,4,0,0,998606,1
36244.203237,4,0,0,998667,1
36246.933062,4,0,0,998642,1
36249.150972,4,0,0,998656,1
36262.630852,4,0,0,998439,1
36265.513064,4,0,0,998634,1
36274.746644,4,0,0,998325,1
36279.814377,4,0,0,998273,1
36289.920918,4,0,0,998556,1
36289.936888,4,0,0,998561,1
36302.304888,4,0,0,998793,1
36316.749799,4,0,0,998453,1
36317.554476,4,0,0,998426,1
36317.879368,4,0,0,998398,1
36319.703777,4,0,0,998423,1
36323.914077,4,0,0,998330,1
36327.463770,4,0,0,998253,1
36330.193850,4,0,0,998103,1
36341.848174,4,0,0,998017,1
36345.882092,4,0,0,998005,1
36358.884527,4,0,0,998066,1
36362.987611,4,0,0,998121,1
36363.966499,4,0,0,998155,1
36383.190540,4,0,0,998098,1
36414.281888,4,0,0,997842,1
36417.108952,4,0,0,997836,1
36423.979223,4,0,0,997885,1
36428.817303,4,0,0,997830,1
36429.796565,4,0,0,997761,1
36433.934144,4,0,0,997803,1
36439.010580,4,0,0,997983,1
36443.316226,4,0,0,998245,1
36447.043403,4,0,0,998232,1
36451.327200,4,0,0,998133,1
36457.227640,4,0,0,998194,1
36464.273059,4,0,0,998035,1
36464.718877,4,0,0,998084,1
36476.418208,4,0,0,998040,1
36479.272611,4,0,0,998029,1
36484.974065,4,0,0,997988,1
36487.318337,4,0,0,997912,1
36487.568841,4,0,0,997910,1
36492.777019,4,0,0,997973,1
36494.952737,4,0,0,998133,1
36498.799224,4,0,0,998113,1
36500.281264,4,0,0,998191,1
36501.371106,4,0,0,998137,1
36503.050168,4,0,0,998064,1
36511.866031,4,0,0,997981,1
36524.185151,4,0,0,998182,1
36542.557548,4,0,0,997992,1
36545.114850,4,0,0,997984,1
36552.206590,4,0,0,998197,1
36553.086046,4,0,0,998226,1
36559.603948,4,0,0,998187,1
36562.242537,4,0,0,998067,1
36571.126118,4,0,0,997978,1
36572.174973,4,0,0,998076,1
36580.342997,4,0,0,997885,1
36580.701852,4,0,0,997892,1
36589.647633,4,0,0,997862,1
36592.281596,4,0,0,997878,1
36593.006652,4,0,0,997800,1
36594.752136,4,0,0,997784,1
36600.658670,4,0,0,997770,1
36603.484152,4,0,0,997653,1
36604.753783,4,0,0,997571,1
36606.057833,4,0,0,997613,1
36611.705269,4,0,0,997936,1
36616.693053,4,0,0,997738,1
36617.008819,4,0,0,997681,1
36625.010878,4,0,0,997569,1
36625.732835,4,0,0,997587,1
36627.048193,4,0,0,997574,1
36627.115120,4,0,0,997599,1
36630.488537,4,0,0,997609,1
36639.586564,4,0,0,997343,1
36652.279907,4,0,0,997405,1
36655.254665,4,0,0,997520,1
36655.772912,4,0,0,997517,1
36658.846616,4,0,0,997464,1
36660.486806,4,0,0,997391,1
36662.256317,4,0,0,997488,1
36663.586773,4,0,0,997542,1
36678.272992,4,0,0,997259,1
36680.694152,4,0,0,997229,1
36680.711263,4,0,0,997219,1
36683.979426,4,0,0,997149,1
36689.737568,4,0,0,997314,1
36697.810327,4,0,0,997340,1
36704.502013,4,0,0,997277,1
36710.291580,4,0,0,997380,1
36711.346841,4,0,0,997410,1
36713.406758,4,0,0,997353,1
36716.347457,4,0,0,997248,1
36717.051536,4,0,0,997235,1
36719.716523,4,0,0,997164,1
36720.228056,4,0,0,997173,1
36720.664468,4,0,0,997170,1
36729.311593,4,0,0,996964,1
36730.196191,4,0,0,997008,1
36733.256849,4,0,0,997010,1
36737.944096,4,0,0,997042,1
36751.310752,4,0,0,997196,1
36753.059033,4,0,0,997244,1
36754.014170,4,0,0,997204,1
36763.970040,4,0,0,997223,1
36765.699495,4,0,0,997222,1
36767.254189,4,0,0,997195,1
36768.031749,4,0,0,997305,1
36770.843412,4,0,0,997427,1
36772.101899,4,0,0,997459,1
36774.226656,4,0,0,997461,1
36776.167026,4,0,0,997539,1
36780.853957,4,0,0,997388,1
36783.674411,4,0,0,997475,1
36789.090286,4,0,0,997452,1
36790.801047,4,0,0,997470,1
36792.661285,4,0,0,997426,1
36823.086740,4,0,0,997151,1
36824.387704,4,0,0,997073,1
36831.266654,4,0,0,997023,1
36837.015063,4,0,0,997015,1
36842.003813,4,0,0,997109,1
36842.623346,4,0,0,997165,1
36842.650056,4,0,0,997164,1
36849.192269,4,0,0,997166,1
36849.606594,4,0,0,997175,1
36850.935535,4,0,0,997216,1
36872.592620,4,0,0,997223,1
36888.771765,4,0,0,996890,1
36900.924565,4,0,0,996560,1
36905.108515,4,0,0,996565,1
36908.020647,4,0,0,996622,1
36910.986754,4,0,0,996430,1
36912.971029,4,0,0,996434,1
36929.328244,4,0,0,996187,1
36937.419391,4,0,0,996184,1
36960.454267,4,0,0,996200,1
36962.165198,4,0,0,996247,1
36966.310152,4,0,0,996360,1
36971.787637,4,0,0,996144,1
36974.100710,4,0,0,996073,1
36978.295150,4,0,0,996226,1
36979.341012,4,0,0,996319,1
36981.141569,4,0,0,996346,1
36981.834498,4,0,0,996363,1
36986.755029,4,0,0,996455,1
36988.698961,4,0,0,996372,1
36991.342782,4,0,0,996500,1
36993.632160,4,0,0,996394,1
36993.891198,4,0,0,996409,1
37004.703368,4,0,0,996365,1
37010.917481,4,0,0,996304,1
37012.789383,4,0,0,996171,1
37023.733968,4,0,0,996071,1
37029.115529,4,0,0,995977,1
37052.002299,4,0,0,996368,1
37054.976194,4,0,0,996211,1
37055.531120,4,0,0,996213,1
37056.150855,4,0,0,996224,1
37062.710350,4,0,0,996171,1
37066.842772,4,0,0,996157,1
37068.010905,4,0,0,996076,1
37071.802303,4,0,0,996247,1
37075.409317,4,0,0,996339,1
37084.732010,4,0,0,996105,1
37084.992696,4,0,0,996089,1
37085.566144,4,0,0,996101,1
37088.359930,4,0,0,996171,1
37089.077625,4,0,0,996206,1
37110.524126,4,0,0,996059,1
37111.580323,4,0,0,995937,1
37116.200760,4,0,0,996061,1
37119.003610,4,0,0,996051,1
37126.277659,4,0,0,996028,1
37126.536090,4,0,0,996037,1
37128.410551,4,0,0,995996,1
37131.443219,4,0,0,995964,1
37132.019808,4,0,0,996025,1
37136.918958,4,0,0,995917,1
37140.571024,4,0,0,995894,1
37148.952075,4,0,0,995615,1
37151.743152,4,0,0,995476,1
37153.414178,4,0,0,995542,1
37155.228855,4,0,0,995664,1
37156.513382,4,0,0,995695,1
37169.432971,4,0,0,995800,1
37177.095415,4,0,0,995932,1
37179.106691,4,0,0,995913,1
37181.962908,4,0,0,995855,1
37182.472430,4,0,0,995886,1
37186.727042,4,0,0,995940,1
37192.966335,4,0,0,996152,1
37194.202967,4,0,0,996207,1
37196.991733,4,0,0,996130,1
37202.361878,4,0,0,996029,1
37205.156028,4,0,0,995926,1
37208.978692,4,0,0,995958,1
37210.014641,4,0,0,995889,1
37217.589681,4,0,0,996187,1
37218.144633,4,0,0,996157,1
37221.185802,4,0,0,996159,1
37222.830425,4,0,0,996154,1
37223.362761,4,0,0,996158,1
37232.610977,4,0,0,996041,1
37233.678776,4,0,0,995931,1
37236.706895,4,0,0,995925,1
37241.241719,4,0,0,995827,1
37242.743498,4,0,0,995732,1
37245.866175,4,0,0,995633,1
37249.479954,4,0,0,995682,1
37252.292780,4,0,0,995541,1
37254.449682,4,0,0,995699,1
37255.863333,4,0,0,995765,1
37267.174279,4,0,0,995715,1
37270.579022,4,0,0,995654,1
37276.355442,4,0,0,995721,1
37280.005455,4,0,0,995673,1
37281.616121,4,0,0,995651,1
37284.729448,4,0,0,995574,1
37293.012302,4,0,0,995526,1
37302.990154,4,0,0,995430,1
37316.502049,4,0,0,995167,1
37317.664733,4,0,0,995075,1
37319.688820,4,0,0,995064,1
37320.294152,4,0,0,995068,1
37341.538137,4,0,0,994934,1
37346.303747,4,0,0,995100,1
37352.137048,4,0,0,995258,1
37354.830169,4,0,0,995205,1
37356.164362,4,0,0,995224,1
37358.505434,4,0,0,995222,1
37360.133716,4,0,0,995178,1
37363.767236,4,0,0,995320,1
37371.864655,4,0,0,995175,1
37380.385024,4,0,0,995049,1
37381.996748,4,0,0,994976,1
37382.931270,4,0,0,994979,1
37389.069709,4,0,0,994965,1
37391.649062,4,0,0,994916,1
37392.609048,4,0,0,995022,1
37397.041148,4,0,0,995018,1
37397.611816,4,0,0,995049,1
37398.091692,4,0,0,995027,1
37398.149647,4,0,0,995032,1
37399.258804,4,0,0,994933,1
37402.375465,4,0,0,994963,1
37403.222035,4,0,0,994983,1
37403.562182,4,0,0,994987,1
37406.804366,4,0,0,994879,1
37417.963491,4,0,0,995074,1
37418.018784,4,0,0,995078,1
37419.256192,4,0,0,995114,1
37430.326070,4,0,0,994918,1
37435.133673,4,0,0,994931,1
37443.616946,4,0,0,994589,1
37455.090391,4,0,0,994528,1
37456.270363,4,0,0,994561,1
37462.700827,4,0,0,994418,1
37464.146679,4,0,0,994315,1
37477.471394,4,0,0,994381,1
37492.528577,4,0,0,994447,1
37493.363195,4,0,0,994512,1
37501.358538,4,0,0,994393,1
37501.589299,4,0,0,994383,1
37505.962005,4,0,0,994266,1
37509.105538,4,0,0,994272,1
37513.480381,4,0,0,994281,1
37520.300377,4,0,0,994407,1
37530.053580,4,0,0,994387,1
37533.395796,4,0,0,994448,1
37533.761538,4,0,0,994494,1
37545.475728,4,0,0,994051,1
37545.775470,4,0,0,994031,1
37553.338240,4,0,0,994022,1
37553.956017,4,0,0,994089,1
37565.089865,4,0,0,993951,1
37569.900071,4,0,0,994206,1
37571.674967,4,0,0,994267,1
37581.251943,4,0,0,994308,1
37582.202815,4,0,0,994271,1
37583.363379,4,0,0,994262,1
37585.248435,4,0,0,994323,1
37587.801691,4,0,0,994282,1
37588.981204,4,0,0,994264,1
37601.036914,4,0,0,994074,1
37603.811966,4,0,0,994125,1
37618.309394,4,0,0,993899,1
37619.705279,4,0,0,993804,1
37622.726962,4,0,0,993851,1
37630.458512,4,0,0,993887,1
37652.163561,4,0,0,994147,1
37655.018981,4,0,0,994071,1
37658.053786,4,0,0,993981,1
37671.555482,4,0,0,994181,1
37674.260920,4,0,0,994185,1
37677.036251,4,0,0,994073,1
37691.666723,4,0,0,994116,1
37694.950308,4,0,0,994042,1
37695.595327,4,0,0,993992,1
37709.160895,4,0,0,994074,1
37712.488268,4,0,0,994018,1
37714.626798,4,0,0,994022,1
37725.666634,4,0,0,993971,1
37725.749278,4,0,0,993964,1
37739.847052,4,0,0,994226,1
37740.284777,4,0,0,994148,1
37740.660017,4,0,0,994192,1
37754.291586,4,0,0,993982,1
37757.398694,4,0,0,993840,1
37758.345575,4,0,0,993900,1
37777.619473,4,0,0,994131,1
37779.571115,4,0,0,994166,1
37793.127128,4,0,0,994290,1
37796.067996,4,0,0,994403,1
37798.260871,4,0,0,994322,1
37802.332273,4,0,0,994353,1
37813.870052,4,0,0,994566,1
37832.590164,4,0,0,994999,1
37838.277551,4,0,0,994955,1
37840.473243,4,0,0,994905,1
37849.995581,4,0,0,994747,1
37862.333879,4,0,0,994679,1
37866.076156,4,0,0,994590,1
37872.018826,4,0,0,994558,1
37881.826515,4,0,0,994400,1
37887.340424,4,0,0,994370,1
37892.364482,4,0,0,994234,1
37894.655025,4,0,0,994250,1
37899.039791,4,0,0,994273,1
37900.371656,4,0,0,994246,1
37900.982052,4,0,0,994307,1
37902.411864,4,0,0,994251,1
37905.236934,4,0,0,994449,1
37907.256267,4,0,0,994482,1
37913.042867,4,0,0,994588,1
37915.347406,4,0,0,994460,1
37918.707354,4,0,0,994703,1
37920.350223,4,0,0,994696,1
37920.795916,4,0,0,994695,1
37926.826295,4,0,0,994702,1
37928.039197,4,0,0,994761,1
37931.032977,4,0,0,994671,1
37935.341162,4,0,0,994778,1
37940.678706,4,0,0,994731,1
37943.239373,4,0,0,994779,1
37944.803652,4,0,0,994745,1
37955.476702,4,0,0,994657,1
37960.417288,4,0,0,994711,1
37961.779857,4,0,0,994771,1
37968.765454,4,0,0,994888,1
37972.444218,4,0,0,994949,1
37975.046110,4,0,0,994871,1
37975.535896,4,0,0,994846,1
37976.736806,4,0,0,994840,1
37977.269326,4,0,0,994789,1
37982.980374,4,0,0,995197,1
37989.561776,4,0,0,995227,1
37992.297141,4,0,0,995315,1
37992.563980,4,0,0,995311,1
37993.454270,4,0,0,995369,1
38007.310107,4,0,0,995383,1
38017.944855,4,0,0,995336,1
38020.372760,4,0,0,995452,1
38021.101680,4,0,0,995437,1
38023.902945,4,0,0,995446,1
38026.619509,4,0,0,995424,1
38026.713829,4,0,0,995422,1
38032.781421,4,0,0,995211,1
38037.902247,4,0,0,995314,1
38042.124431,4,0,0,995466,1
38049.986423,4,0,0,995371,1
38058.204923,4,0,0,995290,1
38059.356833,4,0,0,995293,1
38059.705045,4,0,0,995329,1
38061.904296,4,0,0,995288,1
38072.091008,4,0,0,995224,1
38079.232204,4,0,0,995385,1
38080.641668,4,0,0,995343,1
38086.961788,4,0,0,995647,1
38090.959018,4,0,0,995516,1
38092.506052,4,0,0,995443,1
38098.601892,4,0,0,995495,1
38100.195745,4,0,0,995416,1
38102.193291,4,0,0,995350,1
38103.274425,4,0,0,995264,1
38107.175531,4,0,0,995301,1
38110.018818,4,0,0,995393,1
38114.801292,4,0,0,995315,1
38114.851807,4,0,0,995327,1
38117.339456,4,0,0,995391,1
38117.522408,4,0,0,995380,1
38119.261945,4,0,0,995345,1
38119.693179,4,0,0,995330,1
38123.462898,4,0,0,995368,1
38135.562638,4,0,0,995715,1
38144.771695,4,0,0,995734,1
38148.002071,4,0,0,995843,1
38150.018641,4,0,0,995745,1
38150.029212,4,0,0,995742,1
38154.974316,4,0,0,995415,1
38156.832057,4,0,0,995392,1
38159.202651,4,0,0,995348,1
38163.855271,4,0,0,995329,1
38164.830195,4,0,0,995299,1
38168.766792,4,0,0,995315,1
38171.622185,4,0,0,995371,1
38173.880646,4,0,0,995376,1
38182.574337,4,0,0,995304,1
38188.852382,4,0,0,995336,1
38189.675216,4,0,0,995349,1
38201.272457,4,0,0,995437,1
38201.281662,4,0,0,995435,1
38202.613528,4,0,0,995477,1
38203.318208,4,0,0,995463,1
38205.314326,4,0,0,995456,1
38206.079872,4,0,0,995462,1
38207.657918,4,0,0,995342,1
38210.103285,4,0,0,995286,1
38213.168638,4,0,0,995217,1
38214.671966,4,0,0,995135,1
38215.008473,4,0,0,995172,1
38218.726093,4,0,0,995173,1
38223.522546,4,0,0,995266,1
38228.622616,4,0,0,995299,1
38228.761705,4,0,0,995295,1
38229.296567,4,0,0,995303,1
38234.570887,4,0,0,995431,1
38235.088180,4,0,0,995344,1
38235.417577,4,0,0,995357,1
38238.289919,4,0,0,995226,1
38240.458716,4,0,0,995275,1
38245.806792,4,0,0,995233,1
38246.003472,4,0,0,995210,1
38247.223780,4,0,0,995159,1
38248.828579,4,0,0,995143,1
38250.709221,4,0,0,995184,1
38250.747297,4,0,0,995177,1
38254.573551,4,0,0,995081,1
38254.636108,4,0,0,995073,1
38256.344863,4,0,0,995078,1
38267.845616,4,0,0,995086,1
38268.668766,4,0,0,995125,1
38273.530558,4,0,0,994995,1
38276.445398,4,0,0,995041,1
38288.822801,4,0,0,995052,1
38291.600266,4,0,0,994931,1
38292.682756,4,0,0,994863,1
38318.682125,4,0,0,994931,1
38324.834699,4,0,0,994751,1
38325.498560,4,0,0,994776,1
38329.089363,4,0,0,994664,1
38330.837168,4,0,0,994720,1
38341.048755,4,0,0,994743,1
38341.887598,4,0,0,994615,1
38346.823071,4,0,0,994612,1
38361.928708,4,0,0,994473,1
38373.376884,4,0,0,994565,1
38384.406796,4,0,0,994591,1
38389.614229,4,0,0,994481,1
38391.339982,4,0,0,994451,1
38391.712138,4,0,0,994453,1
38392.613496,4,0,0,994479,1
38403.323032,4,0,0,994482,1
38409.205736,4,0,0,994532,1
38409.732566,4,0,0,994529,1
38426.829417,4,0,0,994399,1
38430.238180,4,0,0,994516,1
38431.139242,4,0,0,994514,1
38434.261374,4,0,0,994575,1
38436.696610,4,0,0,994531,1
38437.846897,4,0,0,994523,1
38442.637517,4,0,0,994484,1
38446.206963,4,0,0,994348,1
38447.738317,4,0,0,994396,1
38455.498151,4,0,0,994425,1
38459.197599,4,0,0,994508,1
38461.179677,4,0,0,994607,1
38462.000659,4,0,0,994566,1
38465.308718,4,0,0,994591,1
38466.107899,4,0,0,994595,1
38477.923549,4,0,0,994451,1
38481.188484,4,0,0,994495,1
38492.845746,4,0,0,994411,1
38494.688341,4,0,0,994406,1
38497.635968,4,0,0,994473,1
38501.157959,4,0,0,994389,1
38512.085805,4,0,0,994286,1
38512.734741,4,0,0,994315,1
38515.165542,4,0,0,994291,1
38515.586866,4,0,0,994253,1
38527.332933,4,0,0,994196,1
38535.439073,4,0,0,994357,1
38537.885306,4,0,0,994471,1
38543.167936,4,0,0,994586,1
38546.911425,4,0,0,994762,1
38551.434234,4,0,0,994613,1
38560.572555,4,0,0,994749,1
38581.143205,4,0,0,994821,1
38581.546395,4,0,0,994849,1
38585.557173,4,0,0,994953,1
38596.721706,4,0,0,995023,1
38599.135812,4,0,0,994988,1
38600.540510,4,0,0,995023,1
38601.212680,4,0,0,994996,1
38605.903855,4,0,0,995040,1
38607.036787,4,0,0,995026,1
38609.308992,4,0,0,994926,1
38611.760697,4,0,0,995042,1
38616.442022,4,0,0,994998,1
38631.293491,4,0,0,995055,1
38652.668315,4,0,0,994572,1
38654.365948,4,0,0,994502,1
38655.834488,4,0,0,994549,1
38661.923669,4,0,0,994466,1
38666.997512,4,0,0,996787,1
38667.515752,4,0,0,996798,1
38669.028957,4,0,0,996739,1
38682.978660,4,0,0,996668,1
38690.704754,4,0,0,996459,1
38691.763178,4,0,0,996457,1
38695.043561,4,0,0,996427,1
38695.506440,4,0,0,996379,1
38699.064366,4,0,0,996549,1
38703.092005,4,0,0,996629,1
38704.048392,4,0,0,996635,1
38704.418867,4,0,0,996630,1
38705.367928,4,0,0,996644,1
38708.565986,4,0,0,996589,1
38708.841116,4,0,0,996629,1
38709.755074,4,0,0,996656,1
38710.786636,4,0,0,996704,1
38713.466055,4,0,0,996773,1
38717.138698,4,0,0,996711,1
38719.328419,4,0,0,996769,1
38724.284073,4,0,0,996732,1
38737.137455,4,0,0,996782,1
38738.404957,4,0,0,996848,1
38760.427375,4,0,0,996950,1
38762.367925,4,0,0,997042,1
38766.729959,4,0,0,997024,1
38768.855153,4,0,0,997008,1
38774.307500,4,0,0,996845,1
38783.478805,4,0,0,996943,1
38791.003844,4,0,0,996862,1
38795.652130,4,0,0,996704,1
38799.637413,4,0,0,996824,1
38800.429297,4,0,0,996898,1
38808.454848,4,0,0,996791,1
38828.062854,4,0,0,996840,1
38832.861791,4,0,0,996644,1
38837.024833,4,0,0,996647,1
38837.793758,4,0,0,996657,1
38839.341973,4,0,0,996707,1
38841.479131,4,0,0,996724,1
38842.496480,4,0,0,996845,1
38864.701201,4,0,0,996790,1
38871.889791,4,0,0,995612,1
38876.973611,4,0,0,995638,1
38879.197913,4,0,0,995683,1
38879.947588,4,0,0,995659,1
38882.354200,4,0,0,995676,1
38883.212166,4,0,0,995707,1
38886.905503,4,0,0,995780,1
38887.844515,4,0,0,995798,1
38888.084890,4,0,0,995811,1
38892.639261,4,0,0,995650,1
38894.932030,4,0,0,995712,1
38900.430716,4,0,0,995733,1
38903.964082,4,0,0,995658,1
38908.686101,4,0,0,995619,1
38910.518983,4,0,0,995601,1
38914.691056,4,0,0,995549,1
38917.952697,4,0,0,995536,1
38922.265133,4,0,0,995500,1
38922.302003,4,0,0,995486,1
38938.312587,4,0,0,995928,1
38939.593723,4,0,0,995950,1
38939.975098,4,0,0,996018,1
38941.644779,4,0,0,996001,1
38947.288499,4,0,0,996194,1
38960.190162,4,0,0,996179,1
38969.075547,4,0,0,996416,1
38970.966299,4,0,0,996480,1
38979.497687,4,0,0,996594,1
38979.765039,4,0,0,996589,1
38980.230735,4,0,0,996596,1
38981.216475,4,0,0,996662,1
38988.625798,4,0,0,996395,1
38994.783577,4,0,0,996313,1
38995.455505,4,0,0,996262,1
39001.341798,4,0,0,996155,1
39008.198962,4,0,0,996240,1
39009.211289,4,0,0,996282,1
39014.520805,4,0,0,996262,1
39017.007379,4,0,0,996352,1
39017.371815,4,0,0,996330,1
39020.854906,4,0,0,996276,1
39024.097615,4,0,0,996289,1
39034.309116,4,0,0,996360,1
39038.235486,4,0,0,996350,1
39047.002662,4,0,0,996199,1
39049.888710,4,0,0,996249,1
39055.897940,4,0,0,996460,1
39072.637666,4,0,0,996395,1
39072.739680,4,0,0,996396,1
39075.608709,4,0,0,996304,1
39078.294415,4,0,0,996306,1
39085.533467,4,0,0,996188,1
39085.622912,4,0,0,996191,1
39089.767891,4,0,0,996351,1
39091.330341,4,0,0,996385,1
39094.424762,4,0,0,996323,1
39100.462895,4,0,0,996426,1
39105.214078,4,0,0,996242,1
39106.565018,4,0,0,996313,1
39107.664055,4,0,0,996330,1
39116.753251,4,0,0,996177,1
39120.139082,4,0,0,996149,1
39138.734522,4,0,0,995970,1
39143.940987,4,0,0,996201,1
39145.163516,4,0,0,996233,1
39146.050494,4,0,0,996186,1
39147.924017,4,0,0,996142,1
39154.819596,4,0,0,996167,1
39157.767254,4,0,0,996120,1
39161.778461,4,0,0,996146,1
39166.101381,4,0,0,996188,1
39167.018392,4,0,0,996119,1
39169.027564,4,0,0,996163,1
39170.695084,4,0,0,996271,1
39183.855716,4,0,0,996337,1
39183.891965,4,0,0,996343,1
39198.842073,4,0,0,996254,1
39199.569581,4,0,0,996232,1
39203.324522,4,0,0,996264,1
39204.780349,4,0,0,996211,1
39206.515511,4,0,0,996106,1
39213.390498,4,0,0,996219,1
39219.005058,4,0,0,996146,1
39225.935373,4,0,0,996178,1
39226.936998,4,0,0,996184,1
39228.020149,4,0,0,996206,1
39234.796450,4,0,0,996287,1
39235.414481,4,0,0,996308,1
39246.778031,4,0,0,996265,1
39259.079111,4,0,0,996415,1
39262.441791,4,0,0,996384,1
39268.249558,4,0,0,996429,1
39270.195965,4,0,0,996386,1
39275.036792,4,0,0,996397,1
39275.157913,4,0,0,996383,1
39276.341153,4,0,0,996458,1
39279.231153,4,0,0,996486,1
39282.451788,4,0,0,996422,1
39302.765540,4,0,0,996034,1
39335.335254,4,0,0,995855,1
39335.963152,4,0,0,995907,1
39337.507944,4,0,0,995867,1
39337.919962,4,0,0,995899,1
39339.916399,4,0,0,995884,1
39354.133663,4,0,0,995833,1
39358.165424,4,0,0,995730,1
39358.360322,4,0,0,995736,1
39361.874983,4,0,0,995834,1
39374.802570,4,0,0,995981,1
39392.031177,4,0,0,996099,1
39403.640893,4,0,0,995930,1
39410.447848,4,0,0,995945,1
39411.832946,4,0,0,995878,1
39422.865937,4,0,0,995744,1
39424.551562,4,0,0,995767,1
39434.592893,4,0,0,995604,1
39434.794988,4,0,0,995614,1
39435.072537,4,0,0,995605,1
39442.841753,4,0,0,995807,1
39443.381140,4,0,0,995800,1
39446.145910,4,0,0,995839,1
39448.154982,4,0,0,995908,1
39449.711360,4,0,0,995941,1
39451.859958,4,0,0,995985,1
39455.038056,4,0,0,995829,1
39463.692364,4,0,0,995958,1
39468.282120,4,0,0,995783,1
39479.654330,4,0,0,995668,1
39488.316765,4,0,0,995308,1
39489.071897,4,0,0,995291,1
39491.698530,4,0,0,995233,1
39495.338280,4,0,0,995207,1
39496.750238,4,0,0,995145,1
39500.743309,4,0,0,995125,1
39518.229457,4,0,0,994979,1
39519.449201,4,0,0,994965,1
39526.786911,4,0,0,995073,1
39552.064153,4,0,0,994543,1
39553.465198,4,0,0,994537,1
39562.730602,4,0,0,994515,1
39563.643783,4,0,0,994438,1
39575.838259,4,0,0,994366,1
39577.572027,4,0,0,994456,1
39579.129086,4,0,0,994476,1
39590.367306,4,0,0,994384,1
39592.012273,4,0,0,994428,1
39593.212777,4,0,0,994444,1
39594.981861,4,0,0,994356,1
39600.331723,4,0,0,994312,1
39600.436192,4,0,0,994310,1
39601.234543,4,0,0,994308,1
39601.796578,4,0,0,994318,1
39605.338179,4,0,0,994317,1
39605.589838,4,0,0,994316,1
39617.701753,4,0,0,994229,1
39620.721271,4,0,0,994195,1
39625.286497,4,0,0,994139,1
39626.357162,4,0,0,994162,1
39632.046552,4,0,0,994148,1
39632.162569,4,0,0,994137,1
39632.553405,4,0,0,994159,1
39644.204924,4,0,0,994577,1
39645.362328,4,0,0,994567,1
39648.583951,4,0,0,994678,1
39652.123434,4,0,0,994627,1
39653.103429,4,0,0,994636,1
39657.359410,4,0,0,994730,1
39658.806965,4,0,0,994797,1
39663.903948,4,0,0,995039,1
39665.325414,4,0,0,995010,1
39668.033370,4,0,0,995018,1
39671.353882,4,0,0,995144,1
39671.447458,4,0,0,995163,1
39671.997262,4,0,0,995132,1
39672.439891,4,0,0,995132,1
39675.300767,4,0,0,995220,1
39678.986907,4,0,0,995342,1
39696.971425,4,0,0,995163,1
39698.993540,4,0,0,995190,1
39699.935467,4,0,0,995084,1
39716.269242,4,0,0,995309,1
39719.935559,4,0,0,995482,1
39735.650243,4,0,0,995283,1
39737.721970,4,0,0,995270,1
39738.091853,4,0,0,995227,1
39740.984481,4,0,0,995192,1
39759.429426,4,0,0,995330,1
39759.784246,4,0,0,995348,1
39762.871757,4,0,0,995387,1
39771.901839,4,0,0,995189,1
39773.034565,4,0,0,995146,1
39780.543881,4,0,0,995411,1
39780.863353,4,0,0,995418,1
39782.669834,4,0,0,995391,1
39783.564370,4,0,0,995404,1
39801.074710,4,0,0,995303,1
39805.537185,4,0,0,995326,1
39807.100270,4,0,0,995280,1
39819.323849,4,0,0,995177,1
39823.182033,4,0,0,995028,1
39825.286010,4,0,0,995158,1
39831.181986,4,0,0,995253,1
39836.554213,4,0,0,995331,1
39852.216223,4,0,0,995520,1
39852.518189,4,0,0,995517,1
39862.544629,4,0,0,995357,1
39867.587965,4,0,0,995421,1
39868.384781,4,0,0,995452,1
39870.887495,4,0,0,995498,1
39871.167384,4,0,0,995488,1
39880.938451,4,0,0,995263,1
39881.443230,4,0,0,995292,1
39882.626453,4,0,0,995316,1
39888.521781,4,0,0,995315,1
39895.362570,4,0,0,995293,1
39896.532070,4,0,0,995288,1
39897.338632,4,0,0,995263,1
39897.460506,4,0,0,995238,1
39897.858477,4,0,0,995235,1
39908.087973,4,0,0,995179,1
39909.031453,4,0,0,995196,1
39911.501798,4,0,0,995175,1
39918.527585,4,0,0,995221,1
39938.025912,4,0,0,994980,1
39947.871438,4,0,0,995064,1
39960.113503,4,0,0,995440,1
39968.639849,4,0,0,995435,1
39970.690577,4,0,0,995482,1
39975.536656,4,0,0,995584,1
39981.409248,4,0,0,995633,1
39983.954048,4,0,0,995655,1
39988.374308,4,0,0,995496,1
40005.275607,4,0,0,995347,1
40007.165834,4,0,0,995456,1
40019.270291,4,0,0,995505,1
40040.153410,4,0,0,995575,1
40044.379819,4,0,0,995779,1
40056.165742,4,0,0,995497,1
40062.672648,4,0,0,995638,1
40068.735990,4,0,0,995724,1
40069.309942,4,0,0,995652,1
40075.865836,4,0,0,995578,1
40076.808350,4,0,0,995599,1
40083.570660,4,0,0,995515,1
40083.865305,4,0,0,995495,1
40093.844381,4,0,0,995601,1
40094.833398,4,0,0,995593,1
40104.168782,4,0,0,995632,1
40114.965831,4,0,0,995617,1
40115.482415,4,0,0,995622,1
40116.070855,4,0,0,995634,1
40133.724188,4,0,0,996114,1
40153.555386,4,0,0,996219,1
40154.039354,4,0,0,996195,1
40158.870148,4,0,0,996240,1
40161.073313,4,0,0,996261,1
40161.363858,4,0,0,996351,1
40170.488931,4,0,0,996142,1
40175.696275,4,0,0,996225,1
40175.994823,4,0,0,996233,1
40178.881370,4,0,0,996365,1
40181.377595,4,0,0,996286,1
40201.449968,4,0,0,996025,1
40226.365161,4,0,0,996132,1
40227.593466,4,0,0,996179,1
40234.476808,4,0,0,996242,1
40239.672144,4,0,0,996318,1
40242.395467,4,0,0,996316,1
40246.494261,4,0,0,996420,1
40249.017935,4,0,0,996432,1
40249.209228,4,0,0,996421,1
40255.929829,4,0,0,996615,1
40263.520918,4,0,0,996501,1
40276.595028,4,0,0,996219,1
40280.114199,4,0,0,996184,1
40280.443603,4,0,0,996181,1
40292.932150,4,0,0,996178,1
40294.314026,4,0,0,996161,1
40294.989796,4,0,0,996177,1
40295.740058,4,0,0,996163,1
40300.015489,4,0,0,996077,1
40302.384201,4,0,0,996186,1
40308.269030,4,0,0,996169,1
40308.685125,4,0,0,996205,1
40308.764476,4,0,0,996207,1
40324.182369,4,0,0,996312,1
40324.637344,4,0,0,996365,1
40326.664482,4,0,0,996234,1
40326.755136,4,0,0,996251,1
40337.030036,4,0,0,996268,1
40345.998672,4,0,0,996404,1
40350.243634,4,0,0,996360,1
40351.069244,4,0,0,996361,1
40358.798755,4,0,0,996344,1
40359.133538,4,0,0,996312,1
40362.053411,4,0,0,996309,1
40363.867641,4,0,0,996432,1
40391.856048,4,0,0,996780,1
40410.044053,4,0,0,997085,1
40418.544448,4,0,0,997054,1
40421.411320,4,0,0,997040,1
40424.749484,4,0,0,997000,1
40428.583321,4,0,0,996800,1
40432.497034,4,0,0,996778,1
40433.457802,4,0,0,996742,1
40434.532094,4,0,0,996787,1
40440.385905,4,0,0,996902,1
40449.333388,4,0,0,996970,1
40464.661521,4,0,0,996800,1
40471.500003,4,0,0,996725,1
40475.368503,4,0,0,996858,1
40475.796132,4,0,0,996869,1
40476.223539,4,0,0,996902,1
40477.014895,4,0,0,996883,1
40482.869431,4,0,0,997002,1
40484.427501,4,0,0,996982,1
40487.058171,4,0,0,996943,1
40487.848643,4,0,0,996956,1
40489.140499,4,0,0,996915,1
40491.355517,4,0,0,996831,1
40495.898650,4,0,0,996977,1
40514.079365,4,0,0,997129,1
40514.729606,4,0,0,997110,1
40516.388815,4,0,0,997109,1
40543.564951,4,0,0,997407,1
40553.826118,4,0,0,997326,1
40568.705103,4,0,0,996862,1
40572.305420,4,0,0,997078,1
40573.590709,4,0,0,996995,1
40574.666089,4,0,0,996971,1
40582.452757,4,0,0,996668,1
40595.261636,4,0,0,996280,1
40599.847851,4,0,0,996317,1
40605.391072,4,0,0,996166,1
40615.675492,4,0,0,996274,1
40617.097743,4,0,0,996265,1
40621.261214,4,0,0,996250,1
40625.258345,4,0,0,996314,1
40637.507206,4,0,0,996434,1
40639.377200,4,0,0,996528,1
40640.087044,4,0,0,996470,1
40640.610753,4,0,0,996443,1
40642.201668,4,0,0,996486,1
40642.522854,4,0,0,996508,1
40644.271285,4,0,0,996473,1
40648.400956,4,0,0,996350,1
40651.223542,4,0,0,996352,1
40656.177158,4,0,0,996021,1
40659.726196,4,0,0,995865,1
40666.485085,4,0,0,996016,1
40669.365118,4,0,0,995908,1
40676.468811,4,0,0,996185,1
40679.538553,4,0,0,996197,1
40685.730588,4,0,0,996233,1
40692.860623,4,0,0,996597,1
40702.069255,4,0,0,996736,1
40702.908838,4,0,0,996721,1
40709.050345,4,0,0,996654,1
40709.103121,4,0,0,996647,1
40711.544313,4,0,0,996486,1
40715.529920,4,0,0,996525,1
40715.673093,4,0,0,996525,1
40715.860217,4,0,0,996510,1
40717.167432,4,0,0,996560,1
40719.264490,4,0,0,996517,1
40725.026610,4,0,0,996307,1
40726.037399,4,0,0,996251,1
40728.449251,4,0,0,996247,1
40739.717175,4,0,0,996302,1
40741.579233,4,0,0,996429,1
40748.515247,4,0,0,996376,1
40752.725943,4,0,0,996428,1
40752.987763,4,0,0,996453,1
40770.208856,4,0,0,996578,1
40770.767465,4,0,0,996588,1
40772.766208,4,0,0,996506,1
40787.271578,4,0,0,996431,1
40788.603897,4,0,0,996554,1
40802.859541,4,0,0,996586,1
40808.023343,4,0,0,996579,1
40809.043783,4,0,0,996519,1
40809.771664,4,0,0,996529,1
40828.988047,4,0,0,996904,1
40831.831013,4,0,0,996852,1
40838.098439,4,0,0,996733,1
40838.779262,4,0,0,996729,1
40842.157777,4,0,0,996681,1
40842.632576,4,0,0,996657,1
40845.909043,4,0,0,996849,1
40845.956230,4,0,0,996857,1
40846.160269,4,0,0,996824,1
40857.890818,4,0,0,996805,1
40868.423458,4,0,0,996947,1
40875.502251,4,0,0,996900,1
40879.106603,4,0,0,996971,1
40879.976294,4,0,0,996915,1
40886.382453,4,0,0,996974,1
40887.534072,4,0,0,996968,1
40887.819758,4,0,0,996981,1
40889.632959,4,0,0,996973,1
40893.842924,4,0,0,996899,1
40898.010419,4,0,0,996933,1
40906.515635,4,0,0,996991,1
40908.893672,4,0,0,997036,1
40909.668391,4,0,0,996973,1
40909.862230,4,0,0,996961,1
40910.917001,4,0,0,996946,1
40923.925353,4,0,0,996884,1
40924.106656,4,0,0,996875,1
40928.967128,4,0,0,996878,1
40931.708573,4,0,0,996985,1
40932.698436,4,0,0,997067,1
40938.051643,4,0,0,997193,1
40942.370055,4,0,0,997243,1
40942.700759,4,0,0,997147,1
40947.912771,4,0,0,997065,1
40948.292669,4,0,0,997079,1
40949.503274,4,0,0,997025,1
40953.533354,4,0,0,997131,1
40959.555746,4,0,0,997041,1
40963.683278,4,0,0,997050,1
40974.579453,4,0,0,996968,1
40980.340462,4,0,0,996992,1
40997.105529,4,0,0,996687,1
40998.638272,4,0,0,996664,1
41018.658943,4,0,0,996464,1
41019.693172,4,0,0,996405,1
41020.716061,4,0,0,996319,1
41021.722011,4,0,0,996365,1
41022.322508,4,0,0,996320,1
41027.017777,4,0,0,996391,1
41027.039471,4,0,0,996389,1
41034.917055,4,0,0,996445,1
41039.285471,4,0,0,996436,1
41041.009996,4,0,0,996428,1
41051.598356,4,0,0,996212,1
41060.443257,4,0,0,996595,1
41065.218057,4,0,0,996699,1
41065.594077,4,0,0,996726,1
41081.596310,4,0,0,996270,1
41086.204224,4,0,0,996187,1
41096.931280,4,0,0,996056,1
41097.781704,4,0,0,996060,1
41097.913378,4,0,0,996046,1
41099.612884,4,0,0,996080,1
41106.931520,4,0,0,996083,1
41115.218627,4,0,0,996185,1
41125.745360,4,0,0,996353,1
41127.823413,4,0,0,996286,1
41135.970206,4,0,0,996185,1
41136.775365,4,0,0,996139,1
41140.587695,4,0,0,996210,1
41140.836109,4,0,0,996205,1
41146.921042,4,0,0,996139,1
41149.069327,4,0,0,996038,1
41149.614984,4,0,0,996047,1
41154.841677,4,0,0,996034,1
41157.495217,4,0,0,996034,1
41159.333622,4,0,0,996003,1
41161.504285,4,0,0,995889,1
41168.425524,4,0,0,996042,1
41170.930765,4,0,0,996034,1
41181.095662,4,0,0,996060,1
41181.887648,4,0,0,996022,1
41184.226800,4,0,0,996116,1
41193.946789,4,0,0,995974,1
41198.293086,4,0,0,995916,1
41204.461802,4,0,0,995795,1
41213.236907,4,0,0,995620,1
41216.796266,4,0,0,995683,1
41217.425009,4,0,0,995661,1
41219.291246,4,0,0,995584,1
41220.763171,4,0,0,995567,1
41221.570013,4,0,0,995550,1
41226.014895,4,0,0,995544,1
41227.164283,4,0,0,995507,1
41236.621774,4,0,0,995532,1
41239.523864,4,0,0,995384,1
41247.277782,4,0,0,995248,1
41256.231195,4,0,0,995344,1
41261.390996,4,0,0,995429,1
41269.559628,4,0,0,995166,1
41277.007788,4,0,0,995208,1
41281.146175,4,0,0,995196,1
41283.040897,4,0,0,995268,1
41285.581382,4,0,0,995177,1
41287.310737,4,0,0,995196,1
41290.472852,4,0,0,995264,1
41292.936351,4,0,0,995150,1
41294.868579,4,0,0,995099,1
41295.435345,4,0,0,995130,1
41297.985189,4,0,0,995106,1
41298.704578,4,0,0,995139,1
41300.866925,4,0,0,995146,1
41301.411049,4,0,0,995092,1
41303.721080,4,0,0,995094,1
41307.408966,4,0,0,995124,1
41307.779121,4,0,0,995105,1
41309.198122,4,0,0,995160,1
41311.856173,4,0,0,995048,1
41313.377799,4,0,0,995040,1
41317.336183,4,0,0,995002,1
41325.303241,4,0,0,994881,1
41332.595206,4,0,0,994680,1
41333.713193,4,0,0,994570,1
41334.771833,4,0,0,994503,1
41338.675377,4,0,0,994480,1
41340.859174,4,0,0,994433,1
41341.088546,4,0,0,994427,1
41342.348029,4,0,0,994411,1
41358.304155,4,0,0,994320,1
41375.077695,4,0,0,994366,1
41377.186921,4,0,0,994423,1
41377.390878,4,0,0,994387,1
41385.080992,4,0,0,994418,1
41386.655622,4,0,0,994312,1
41386.909987,4,0,0,994365,1
41388.250342,4,0,0,994307,1
41389.039912,4,0,0,994287,1
41400.546066,4,0,0,994432,1
41401.582432,4,0,0,994450,1
41408.196291,4,0,0,994565,1
41408.925502,4,0,0,994622,1
41409.305071,4,0,0,994610,1
41411.524747,4,0,0,994752,1
41416.027103,4,0,0,994680,1
41419.649851,4,0,0,994649,1
41428.451542,4,0,0,994775,1
41431.192336,4,0,0,994579,1
41435.713610,4,0,0,994508,1
41436.007444,4,0,0,994501,1
41442.543684,4,0,0,994603,1
41448.222924,4,0,0,994517,1
41456.209767,4,0,0,994635,1
41456.735842,4,0,0,994595,1
41459.698817,4,0,0,994676,1
41464.775223,4,0,0,994759,1
41464.815086,4,0,0,994753,1
41473.921427,4,0,0,994711,1
41482.137269,4,0,0,994683,1
41485.576240,4,0,0,994645,1
41487.605963,4,0,0,994602,1
41493.847770,4,0,0,994769,1
41504.383833,4,0,0,994837,1
41507.644452,4,0,0,994875,1
41517.992038,4,0,0,994629,1
41518.756340,4,0,0,994626,1
41520.676348,4,0,0,994698,1
41526.724458,4,0,0,994712,1
41528.857214,4,0,0,994672,1
41532.389656,4,0,0,994661,1
41537.473633,4,0,0,994749,1
41541.726518,4,0,0,994730,1
41544.398334,4,0,0,994555,1
41545.122161,4,0,0,994521,1
41547.654908,4,0,0,994531,1
41548.881581,4,0,0,994443,1
41556.883976,4,0,0,994443,1
41564.344752,4,0,0,994507,1
41565.504629,4,0,0,994624,1
41569.686413,4,0,0,994770,1
41574.842725,4,0,0,994812,1
41577.511747,4,0,0,994666,1
41577.941085,4,0,0,994674,1
41584.125572,4,0,0,994494,1
41584.551899,4,0,0,994458,1
41590.016939,4,0,0,994586,1
41590.417387,4,0,0,994560,1
41594.691442,4,0,0,994628,1
41596.243320,4,0,0,994638,1
41598.718095,4,0,0,994709,1
41619.088394,4,0,0,994676,1
41633.435016,4,0,0,994653,1
41637.553476,4,0,0,994807,1
41643.132365,4,0,0,994888,1
41650.944679,4,0,0,994940,1
41657.013185,4,0,0,994942,1
41657.680037,4,0,0,994964,1
41660.605152,4,0,0,994954,1
41669.176417,4,0,0,995046,1
41675.760331,4,0,0,995037,1
41677.057753,4,0,0,994939,1
41686.556228,4,0,0,994689,1
41691.091902,4,0,0,994620,1
41692.701123,4,0,0,994747,1
41692.983253,4,0,0,994783,1
41699.460473,4,0,0,994737,1
41702.186885,4,0,0,994673,1
41719.697177,4,0,0,994584,1
41721.166936,4,0,0,994572,1
41721.506678,4,0,0,994607,1
41722.867118,4,0,0,994574,1
41725.340952,4,0,0,994459,1
41725.521504,4,0,0,994448,1
41727.868962,4,0,0,994357,1
41729.201767,4,0,0,994444,1
41751.337632,4,0,0,994432,1
41752.236884,4,0,0,994437,1
41761.128579,4,0,0,994438,1
41762.007339,4,0,0,994347,1
41766.147360,4,0,0,994375,1
41771.291799,4,0,0,994435,1
41774.951059,4,0,0,994398,1
41788.943381,4,0,0,994479,1
41791.647976,4,0,0,994452,1
41796.677082,4,0,0,994444,1
41806.425596,4,0,0,994578,1
41807.699636,4,0,0,994556,1
41811.431929,4,0,0,994607,1
41831.253056,4,0,0,994645,1
41838.101314,4,0,0,994651,1
41843.960692,4,0,0,994595,1
41846.335767,4,0,0,994542,1
41855.443067,4,0,0,994552,1
41864.207926,4,0,0,994736,1
41866.962283,4,0,0,994770,1
41871.003443,4,0,0,994895,1
41876.438281,4,0,0,994903,1
41883.871848,4,0,0,994695,1
41886.690883,4,0,0,994797,1
41888.617256,4,0,0,994795,1
41889.337635,4,0,0,994843,1
41895.451249,4,0,0,994942,1
41902.023143,4,0,0,995057,1
41903.045976,4,0,0,995081,1
41912.350807,4,0,0,994640,1
41913.200963,4,0,0,994679,1
41921.586710,4,0,0,994730,1
41922.246708,4,0,0,994762,1
41927.158982,4,0,0,994866,1
41930.664709,4,0,0,994901,1
41931.351364,4,0,0,994929,1
41937.356423,4,0,0,994758,1
41944.323743,4,0,0,994779,1
41954.908753,4,0,0,994906,1
41958.149050,4,0,0,994969,1
41961.637211,4,0,0,994890,1
41966.717701,4,0,0,994689,1
41978.062173,4,0,0,994600,1
41980.359688,4,0,0,994606,1
41985.788755,4,0,0,994644,1
41990.082867,4,0,0,994818,1
41991.035363,4,0,0,994879,1
41996.574229,4,0,0,994797,1
42005.725305,4,0,0,994902,1
42008.767088,4,0,0,994869,1
42023.151132,4,0,0,995032,1
42026.972687,4,0,0,994970,1
42037.227681,4,0,0,995186,1
42044.027176,4,0,0,995119,1
42046.565832,4,0,0,995093,1
42048.316309,4,0,0,995033,1
42050.727687,4,0,0,995099,1
42052.745950,4,0,0,995105,1
42052.975784,4,0,0,995116,1
42053.080298,4,0,0,995128,1
42055.524448,4,0,0,995064,1
42056.519382,4,0,0,995148,1
42065.589930,4,0,0,995271,1
42081.439205,4,0,0,995329,1
42083.057806,4,0,0,995330,1
42089.072924,4,0,0,995303,1
42091.254875,4,0,0,995266,1
42100.765352,4,0,0,995414,1
42103.563022,4,0,0,995433,1
42116.985033,4,0,0,995438,1
42122.126365,4,0,0,995379,1
42122.666843,4,0,0,995385,1
42123.316691,4,0,0,995468,1
42125.840905,4,0,0,995506,1
42129.928478,4,0,0,995309,1
42133.452145,4,0,0,995096,1
42142.941608,4,0,0,995213,1
42142.966206,4,0,0,995202,1
42143.579059,4,0,0,995214,1
42145.431271,4,0,0,995258,1
42154.496578,4,0,0,995369,1
42154.515684,4,0,0,995383,1
42158.158804,4,0,0,995348,1
42158.163117,4,0,0,995348,1
42161.881142,4,0,0,995294,1
42165.000611,4,0,0,995182,1
42165.673584,4,0,0,995151,1
42169.871788,4,0,0,995304,1
42174.498547,4,0,0,995465,1
42177.379919,4,0,0,995398,1
42185.019287,4,0,0,995516,1
42185.315319,4,0,0,995511,1
42187.205898,4,0,0,995575,1
42190.333689,4,0,0,995499,1
42192.243341,4,0,0,995523,1
42192.859543,4,0,0,995529,1
42193.441537,4,0,0,995496,1
42200.547434,4,0,0,995428,1
42202.032703,4,0,0,995400,1
42207.237895,4,0,0,995406,1
42216.201039,4,0,0,995663,1
42217.850440,4,0,0,995768,1
42218.838564,4,0,0,995849,1
42222.909619,4,0,0,995914,1
42230.624325,4,0,0,996054,1
42232.697675,4,0,0,995986,1
42241.393874,4,0,0,996001,1
42260.162676,4,0,0,996253,1
42265.234718,4,0,0,996298,1
42275.963268,4,0,0,996197,1
42276.423188,4,0,0,996215,1
42278.699931,4,0,0,996234,1
42288.301514,4,0,0,996270,1
42294.556310,4,0,0,996208,1
42295.048849,4,0,0,996233,1
42296.310532,4,0,0,996226,1
42298.236767,4,0,0,996176,1
42302.945252,4,0,0,996180,1
42309.523935,4,0,0,996260,1
42312.673433,4,0,0,996384,1
42312.804670,4,0,0,996406,1
42322.651123,4,0,0,996137,1
42335.453108,4,0,0,996337,1
42337.594042,4,0,0,996382,1
42345.529847,4,0,0,996455,1
42349.058462,4,0,0,996590,1
42352.152499,4,0,0,996743,1
42365.159414,4,0,0,996870,1
42365.198227,4,0,0,996870,1
42367.785210,4,0,0,996831,1
42369.069878,4,0,0,996847,1
42372.088597,4,0,0,996886,1
42375.108370,4,0,0,996832,1
42376.131751,4,0,0,996924,1
42380.241665,4,0,0,997087,1
42382.607786,4,0,0,997160,1
42395.741081,4,0,0,997516,1
42408.889281,4,0,0,997688,1
42411.191999,4,0,0,997666,1
42417.923339,4,0,0,997790,1
42422.579957,4,0,0,998016,1
42424.802685,4,0,0,998003,1
42426.258993,4,0,0,997931,1
42438.492141,4,0,0,998108,1
42439.494720,4,0,0,998026,1
42446.948960,4,0,0,997895,1
42453.657151,4,0,0,997948,1
42454.773197,4,0,0,997930,1
42457.004085,4,0,0,998063,1
42459.836125,4,0,0,998069,1
42463.149856,4,0,0,998132,1
42467.532877,4,0,0,998254,1
42469.591820,4,0,0,998262,1
42473.951611,4,0,0,998320,1
42476.704419,4,0,0,998174,1
42491.046331,4,0,0,998561,1
42496.679195,4,0,0,998575,1
42500.197598,4,0,0,998554,1
42504.155279,4,0,0,998495,1
42504.706138,4,0,0,998504,1
42506.246648,4,0,0,998469,1
42512.094949,4,0,0,998496,1
42532.052872,4,0,0,998342,1
42533.777592,4,0,0,998249,1
42556.168941,4,0,0,998057,1
42558.244427,4,0,0,997998,1
42561.135435,4,0,0,998030,1
42578.657326,4,0,0,998048,1
42587.018844,4,0,0,997970,1
42590.599890,4,0,0,998000,1
42609.972424,4,0,0,997850,1
42630.657176,4,0,0,997829,1
42631.470802,4,0,0,997816,1
42638.864552,4,0,0,997868,1
42640.376777,4,0,0,997813,1
42642.104818,4,0,0,997802,1
42644.810426,4,0,0,997798,1
42647.908873,4,0,0,997700,1
42648.604282,4,0,0,997702,1
42655.504049,4,0,0,997692,1
42655.663892,4,0,0,997710,1
42671.163657,4,0,0,997485,1
42672.648425,4,0,0,997396,1
42678.508732,4,0,0,997198,1
42682.147243,4,0,0,997217,1
42690.878327,4,0,0,997136,1
42691.968720,4,0,0,997084,1
42692.116082,4,0,0,997088,1
42693.043344,4,0,0,997129,1
42698.501539,4,0,0,997347,1
42706.527925,4,0,0,997518,1
42707.356169,4,0,0,997488,1
42711.463273,4,0,0,997632,1
42711.727385,4,0,0,997613,1
42720.117709,4,0,0,997669,1
42720.568714,4,0,0,997694,1
42721.493276,4,0,0,997623,1
42726.517694,4,0,0,997635,1
42729.550884,4,0,0,997642,1
42731.084435,4,0,0,997776,1
42744.759312,4,0,0,997656,1
42748.690998,4,0,0,997728,1
42749.527535,4,0,0,997720,1
42752.150601,4,0,0,997725,1
42758.028673,4,0,0,997609,1
42760.951083,4,0,0,997691,1
42761.485531,4,0,0,997736,1
42762.396659,4,0,0,997792,1
42763.769317,4,0,0,997692,1
42767.549209,4,0,0,997509,1
42772.371543,4,0,0,997499,1
42775.462977,4,0,0,997596,1
42776.602982,4,0,0,997638,1
42778.614393,4,0,0,997619,1
42788.396521,4,0,0,997506,1
42789.722100,4,0,0,997601,1
42794.882719,4,0,0,997759,1
42797.200660,4,0,0,997702,1
42812.445020,4,0,0,997680,1
42812.484153,4,0,0,997679,1
42814.293470,4,0,0,997818,1
42821.083594,4,0,0,997905,1
42821.219436,4,0,0,997925,1
42823.543004,4,0,0,997857,1
42838.240411,4,0,0,997900,1
42843.615093,4,0,0,997883,1
42844.176889,4,0,0,997889,1
42844.644085,4,0,0,997902,1
42858.264430,4,0,0,997879,1
42870.447179,4,0,0,997687,1
42871.335225,4,0,0,997741,1
42880.953816,4,0,0,997590,1
42887.546329,4,0,0,997485,1
42889.974149,4,0,0,997340,1
42891.307200,4,0,0,997360,1
42892.006780,4,0,0,997365,1
42893.047298,4,0,0,997331,1
42896.548237,4,0,0,997248,1
42896.663133,4,0,0,997251,1
42901.444330,4,0,0,997217,1
42905.862304,4,0,0,997107,1
42910.742906,4,0,0,997155,1
42918.988617,4,0,0,997282,1
42919.274174,4,0,0,997292,1
42935.330527,4,0,0,997454,1
42938.588163,4,0,0,997474,1
42941.650407,4,0,0,997607,1
42942.509388,4,0,0,997649,1
42947.647666,4,0,0,997608,1
42957.468506,4,0,0,997774,1
42957.849421,4,0,0,997785,1
42959.622953,4,0,0,997751,1
42966.689511,4,0,0,997658,1
42966.877915,4,0,0,997652,1
42971.024629,4,0,0,997451,1
42972.222421,4,0,0,997409,1
42975.894498,4,0,0,997361,1
42976.607995,4,0,0,997296,1
42978.689705,4,0,0,997233,1
42980.804856,4,0,0,997161,1
42983.266968,4,0,0,997040,1
43000.509476,4,0,0,997006,1
43001.202757,4,0,0,997015,1
43002.724934,4,0,0,997035,1
43008.094721,4,0,0,997165,1
43010.197900,4,0,0,997152,1
43022.381441,4,0,0,997064,1
43024.613823,4,0,0,997064,1
43040.541127,4,0,0,997306,1
43041.529342,4,0,0,997384,1
43044.542232,4,0,0,997335,1
43048.123741,4,0,0,997371,1
43052.199663,4,0,0,997354,1
43054.634739,4,0,0,997397,1
43058.333331,4,0,0,997162,1
43059.630678,4,0,0,997137,1
43061.026816,4,0,0,997027,1
43061.402712,4,0,0,996930,1
43065.124189,4,0,0,996966,1
43068.331904,4,0,0,996882,1
43084.768100,4,0,0,997137,1
43092.140819,4,0,0,997241,1
43097.797599,4,0,0,997388,1
43099.400585,4,0,0,997440,1
43100.611186,4,0,0,997414,1
43106.217803,4,0,0,997455,1
43107.415226,4,0,0,997372,1
43107.784772,4,0,0,997335,1
43109.717554,4,0,0,997369,1
43113.543857,4,0,0,997542,1
43114.611677,4,0,0,997552,1
43115.178318,4,0,0,997510,1
43124.751065,4,0,0,997493,1
43127.682911,4,0,0,997543,1
43127.703276,4,0,0,997550,1
43129.065269,4,0,0,997559,1
43129.286101,4,0,0,997599,1
43130.691894,4,0,0,997663,1
43133.334669,4,0,0,997694,1
43134.075809,4,0,0,997679,1
43147.288954,4,0,0,998107,1
43150.256153,4,0,0,998068,1
43159.660271,4,0,0,998013,1
43167.955821,4,0,0,997876,1
43168.549071,4,0,0,997885,1
43169.004675,4,0,0,997826,1
43172.958854,4,0,0,997878,1
43173.109150,4,0,0,997846,1
43180.561591,4,0,0,997929,1
43182.469955,4,0,0,997827,1
43188.535805,4,0,0,997662,1
43189.556340,4,0,0,997621,1
43191.397086,4,0,0,997630,1
43196.344576,4,0,0,997597,1
43197.568607,4,0,0,997538,1
43198.670273,4,0,0,997526,1
43200.737368,4,0,0,997563,1
43200.775416,4,0,0,997545,1
43206.590023,4,0,0,997690,1
43207.165133,4,0,0,997687,1
43208.436017,4,0,0,997534,1
43208.739922,4,0,0,997537,1
43211.556166,4,0,0,997516,1
43213.077462,4,0,0,997485,1
43216.534245,4,0,0,997448,1
43221.900509,4,0,0,997392,1
43222.933916,4,0,0,997428,1
43224.862040,4,0,0,997439,1
43228.824845,4,0,0,997496,1
43230.144502,4,0,0,997482,1
43241.928496,4,0,0,997695,1
43242.118209,4,0,0,997691,1
43242.893585,4,0,0,997716,1
43244.560091,4,0,0,997704,1
43250.022260,4,0,0,997683,1
43250.474554,4,0,0,997712,1
43260.856931,4,0,0,997840,1
43272.091391,4,0,0,997842,1
43277.075091,4,0,0,997852,1
43279.391385,4,0,0,997824,1
43280.950099,4,0,0,997864,1
43282.962803,4,0,0,997888,1
43293.086654,4,0,0,998016,1
43296.702543,4,0,0,998034,1
43309.304322,4,0,0,998025,1
43312.613614,4,0,0,998100,1
43313.743027,4,0,0,998093,1
43314.222631,4,0,0,998119,1
43319.558679,4,0,0,998233,1
43321.221318,4,0,0,998327,1
43326.022625,4,0,0,998344,1
43338.791033,4,0,0,998386,1
43338.874891,4,0,0,998400,1
43339.142082,4,0,0,998404,1
43341.090366,4,0,0,998444,1
43342.849895,4,0,0,998456,1
43345.189685,4,0,0,998455,1
43347.999709,4,0,0,998398,1
43350.529302,4,0,0,998413,1
43351.009727,4,0,0,998435,1
43352.946430,4,0,0,998457,1
43353.559424,4,0,0,998450,1
43354.673665,4,0,0,998466,1
43358.988107,4,0,0,998625,1
43359.230299,4,0,0,998627,1
43360.862845,4,0,0,998592,1
43365.219318,4,0,0,998770,1
43366.700366,4,0,0,998746,1
43370.215110,4,0,0,998891,1
43373.009901,4,0,0,998944,1
43377.598377,4,0,0,998809,1
43386.485958,4,0,0,998792,1
43388.071313,4,0,0,998785,1
43398.323499,4,0,0,998758,1
43403.293032,4,0,0,998740,1
43405.822568,4,0,0,998801,1
43413.503186,4,0,0,998862,1
43416.220587,4,0,0,998984,1
43421.522338,4,0,0,998972,1
43431.414575,4,0,0,998974,1
43433.274639,4,0,0,999029,1
43436.317575,4,0,0,999034,1
43438.771334,4,0,0,999014,1
43439.360988,4,0,0,999033,1
43439.886862,4,0,0,999005,1
43440.413946,4,0,0,998971,1
43450.322013,4,0,0,998916,1
43461.120130,4,0,0,999021,1
43463.105534,4,0,0,999090,1
43473.423428,4,0,0,998950,1
43486.907117,4,0,0,998869,1
43493.720441,4,0,0,998928,1
43495.007818,4,0,0,998951,1
43500.580747,4,0,0,998870,1
43502.062181,4,0,0,998932,1
43511.485295,4,0,0,998902,1
43523.732927,4,0,0,998897,1
43544.455790,4,0,0,998763,1
43550.827099,4,0,0,998912,1
43552.124251,4,0,0,998979,1
43560.163239,4,0,0,998957,1
43561.335748,4,0,0,999030,1
43561.924475,4,0,0,999073,1
43562.695654,4,0,0,999109,1
43564.089443,4,0,0,999114,1
43568.287167,4,0,0,999210,1
43576.230812,4,0,0,999129,1
43577.625523,4,0,0,999107,1
43581.535127,4,0,0,999090,1
43591.784406,4,0,0,999188,1
43594.760843,4,0,0,999303,1
43594.975105,4,0,0,999264,1
43598.739128,4,0,0,999260,1
43611.048722,4,0,0,999132,1
43613.542571,4,0,0,999174,1
43615.593655,4,0,0,999084,1
43618.753008,4,0,0,999242,1
43622.467748,4,0,0,999193,1
43622.871622,4,0,0,999240,1
43626.086289,4,0,0,999134,1
43627.399624,4,0,0,999165,1
43632.407229,4,0,0,999347,1
43635.993433,4,0,0,999468,1
43640.004532,4,0,0,999359,1
43647.546732,4,0,0,999200,1
43651.118121,4,0,0,999057,1
43652.739071,4,0,0,999088,1
43653.278064,4,0,0,999036,1
43653.694272,4,0,0,999096,1
43655.953095,4,0,0,999157,1
43657.884281,4,0,0,999260,1
43659.585974,4,0,0,999231,1
43666.179105,4,0,0,999205,1
43670.526219,4,0,0,999209,1
43684.259189,4,0,0,998946,1
43684.945594,4,0,0,998891,1
43685.679173,4,0,0,998899,1
43688.034831,4,0,0,998870,1
43698.727721,4,0,0,998854,1
43706.065509,4,0,0,998693,1
43709.006990,4,0,0,998744,1
43725.268734,4,0,0,998998,1
43726.137322,4,0,0,999017,1
43731.784712,4,0,0,998955,1
43742.565492,4,0,0,999078,1
43753.249435,4,0,0,999200,1
43754.068796,4,0,0,999212,1
43755.214251,4,0,0,999163,1
43768.489534,4,0,0,998798,1
43784.670902,4,0,0,999145,1
43787.722052,4,0,0,999183,1
43788.264258,4,0,0,999170,1
43797.776526,4,0,0,999051,1
43813.422190,4,0,0,998573,1
43814.092858,4,0,0,998615,1
43814.127002,4,0,0,998615,1
43818.489708,4,0,0,998640,1
43832.254947,4,0,0,998603,1
43834.591653,4,0,0,998595,1
43836.062797,4,0,0,998626,1
43839.216663,4,0,0,998507,1
43841.799747,4,0,0,998452,1
43843.498589,4,0,0,998485,1
43852.038691,4,0,0,998641,1
43863.343472,4,0,0,998693,1
43864.446299,4,0,0,998718,1
43864.589590,4,0,0,998701,1
43868.598186,4,0,0,998632,1
43872.956680,4,0,0,998655,1
43874.047440,4,0,0,998661,1
43874.371312,4,0,0,998656,1
43875.082133,4,0,0,998655,1
43876.912492,4,0,0,998545,1
43878.665229,4,0,0,998440,1
43879.069184,4,0,0,998460,1
43881.189322,4,0,0,998460,1
43888.605358,4,0,0,998344,1
43889.789974,4,0,0,998359,1
43890.003805,4,0,0,998440,1
43892.546498,4,0,0,998388,1
43893.921631,4,0,0,998409,1
43898.969802,4,0,0,998398,1
43901.212673,4,0,0,998354,1
43916.335643,4,0,0,998189,1
43923.076773,4,0,0,998325,1
43929.030625,4,0,0,998254,1
43929.285735,4,0,0,998210,1
43931.052741,4,0,0,998325,1
43934.305218,4,0,0,998264,1
43945.411416,4,0,0,998377,1
43959.853924,4,0,0,998413,1
43959.870445,4,0,0,998411,1
43964.510716,4,0,0,998590,1
43976.691780,4,0,0,998412,1
43982.452967,4,0,0,998440,1
43989.894046,4,0,0,998492,1
43990.597328,4,0,0,998429,1
43992.640624,4,0,0,998367,1
43992.848874,4,0,0,998386,1
43994.595338,4,0,0,998518,1
44004.063781,4,0,0,998609,1
44008.068280,4,0,0,998370,1
44024.111821,4,0,0,998572,1
44024.269058,4,0,0,998539,1
44027.502737,4,0,0,998454,1
44032.460552,4,0,0,998444,1
44032.481274,4,0,0,998445,1
44035.758971,4,0,0,998427,1
44036.062835,4,0,0,998419,1
44040.475005,4,0,0,998663,1
44048.786804,4,0,0,998441,1
44052.155810,4,0,0,998462,1
44061.185146,4,0,0,998608,1
44065.731447,4,0,0,998677,1
44067.777430,4,0,0,998556,1
44077.453748,4,0,0,998757,1
44080.599413,4,0,0,998870,1
44087.628080,4,0,0,998749,1
44094.080924,4,0,0,998653,1
44096.912902,4,0,0,998764,1
44100.305012,4,0,0,998776,1
44105.117254,4,0,0,998658,1
44115.588451,4,0,0,998722,1
44116.505378,4,0,0,998681,1
44141.582689,4,0,0,998382,1
44142.119918,4,0,0,998303,1
44142.844053,4,0,0,998318,1
44142.929973,4,0,0,998306,1
44143.881937,4,0,0,998256,1
44150.900374,4,0,0,998182,1
44157.116590,4,0,0,998271,1
44167.654863,4,0,0,998239,1
44173.331979,4,0,0,998339,1
44176.861644,4,0,0,998322,1
44177.959332,4,0,0,998380,1
44184.913494,4,0,0,998592,1
44192.379362,4,0,0,998580,1
44194.358670,4,0,0,998572,1
44196.988404,4,0,0,998433,1
44200.651780,4,0,0,998376,1
44200.869937,4,0,0,998416,1
44207.456871,4,0,0,998499,1
44211.186040,4,0,0,998335,1
44211.293806,4,0,0,998318,1
44212.739697,4,0,0,998277,1
44214.782888,4,0,0,998277,1
44221.507091,4,0,0,998276,1
44222.967867,4,0,0,998271,1
44232.491607,4,0,0,998319,1
44232.860719,4,0,0,998318,1
44233.282768,4,0,0,998298,1
44252.438473,4,0,0,998320,1
44257.806391,4,0,0,998004,1
44264.376752,4,0,0,997874,1
44278.058336,4,0,0,997828,1
44279.454849,4,0,0,997863,1
44286.942927,4,0,0,997933,1
44289.231885,4,0,0,998027,1
44296.470319,4,0,0,998175,1
44303.808232,4,0,0,998194,1
44303.953362,4,0,0,998196,1
44304.645896,4,0,0,998218,1
44306.762622,4,0,0,998178,1
44310.412109,4,0,0,998129,1
44322.568677,4,0,0,998150,1
44324.425701,4,0,0,998072,1
44324.557202,4,0,0,998075,1
44333.975243,4,0,0,998102,1
44339.842144,4,0,0,998268,1
44345.413024,4,0,0,998113,1
44347.893318,4,0,0,998061,1
44360.157549,4,0,0,998257,1
44360.917397,4,0,0,998229,1
44365.586195,4,0,0,998255,1
44376.924143,4,0,0,998116,1
44376.962684,4,0,0,998129,1
44380.313576,4,0,0,998001,1
44388.701412,4,0,0,997912,1
44390.493432,4,0,0,997854,1
44393.386440,4,0,0,997953,1
44417.148183,4,0,0,997946,1
44421.990303,4,0,0,997742,1
44422.291543,4,0,0,997786,1
44425.972679,4,0,0,997635,1
44431.172225,4,0,0,997651,1
44438.674529,4,0,0,997763,1
44438.863189,4,0,0,997750,1
44441.827029,4,0,0,997681,1
44444.837930,4,0,0,997560,1
44445.977185,4,0,0,997470,1
44460.362913,4,0,0,997933,1
44460.623332,4,0,0,997959,1
44470.720182,4,0,0,998141,1
44472.132487,4,0,0,998033,1
44476.849501,4,0,0,997961,1
44489.768605,4,0,0,997688,1
44496.466323,4,0,0,997773,1
44507.608571,4,0,0,998057,1
44513.162665,4,0,0,997969,1
44518.262626,4,0,0,997873,1
44522.129110,4,0,0,998001,1
44528.533352,4,0,0,997842,1
44528.981178,4,0,0,997862,1
44530.202270,4,0,0,997829,1
44532.440457,4,0,0,997881,1
44532.686681,4,0,0,997868,1
44533.518871,4,0,0,997793,1
44539.675271,4,0,0,997806,1
44541.975189,4,0,0,997686,1
44544.267884,4,0,0,997716,1
44550.310310,4,0,0,997943,1
44552.890272,4,0,0,998043,1
44564.535508,4,0,0,997788,1
44566.015287,4,0,0,997685,1
44572.489777,4,0,0,997344,1
44578.365833,4,0,0,997209,1
44591.606743,4,0,0,996916,1
44593.016239,4,0,0,996855,1
44608.302542,4,0,0,997225,1
44610.449626,4,0,0,997250,1
44610.475190,4,0,0,997250,1
44612.137677,4,0,0,997203,1
44613.053616,4,0,0,997208,1
44616.666143,4,0,0,997253,1
44616.808965,4,0,0,997255,1
44617.610724,4,0,0,997293,1
44632.281246,4,0,0,997463,1
44636.528839,4,0,0,997388,1
44640.820788,4,0,0,997272,1
44645.015865,4,0,0,997403,1
44651.078551,4,0,0,997221,1
44652.676205,4,0,0,997242,1
44658.804458,4,0,0,997272,1
44668.183981,4,0,0,997518,1
44671.764122,4,0,0,997445,1
44672.425363,4,0,0,997384,1
44678.685238,4,0,0,997569,1
44684.454086,4,0,0,997458,1
44696.196832,4,0,0,997043,1
44696.565462,4,0,0,997002,1
44702.069391,4,0,0,996993,1
44702.489633,4,0,0,997032,1
44703.542046,4,0,0,997057,1
44716.340276,4,0,0,997029,1
44725.531555,4,0,0,996898,1
44742.942210,4,0,0,996897,1
44744.874125,4,0,0,996940,1
44747.510575,4,0,0,996874,1
44760.422575,4,0,0,996906,1
44773.335283,4,0,0,997209,1
44773.827500,4,0,0,997203,1
44773.981195,4,0,0,997197,1
44774.975672,4,0,0,997184,1
44778.459962,4,0,0,997201,1
44778.770252,4,0,0,997183,1
44785.532138,4,0,0,997293,1
44790.069296,4,0,0,997337,1
44792.217331,4,0,0,997388,1
44796.540183,4,0,0,997342,1
44810.064806,4,0,0,997488,1
44810.503386,4,0,0,997542,1
44815.712246,4,0,0,997513,1
44823.261296,4,0,0,997465,1
44835.175105,4,0,0,997444,1
44836.127055,4,0,0,997411,1
44843.010595,4,0,0,997367,1
44847.330241,4,0,0,997484,1
44851.466468,4,0,0,997511,1
44857.093097,4,0,0,997467,1
44857.246980,4,0,0,997458,1
44860.064576,4,0,0,997379,1
44860.266132,4,0,0,997398,1
44873.259154,4,0,0,997229,1
44884.024892,4,0,0,997222,1
44890.556752,4,0,0,997226,1
44896.156782,4,0,0,997020,1
44898.887112,4,0,0,996995,1
44903.325409,4,0,0,997035,1
44908.744794,4,0,0,996772,1
44909.025180,4,0,0,996736,1
44922.288373,4,0,0,996725,1
44930.625899,4,0,0,996670,1
44930.964201,4,0,0,996679,1
44934.935118,4,0,0,996785,1
44939.691894,4,0,0,996776,1
44940.241344,4,0,0,996785,1
44941.029677,4,0,0,996794,1
44950.789909,4,0,0,996439,1
44953.215368,4,0,0,996399,1
44956.426187,4,0,0,996374,1
44961.615274,4,0,0,996470,1
44967.025831,4,0,0,996403,1
44968.748741,4,0,0,996435,1
44971.161456,4,0,0,996476,1
44972.995974,4,0,0,996385,1
44974.229528,4,0,0,996285,1
44984.164296,4,0,0,996452,1
44987.591632,4,0,0,996372,1
44993.689015,4,0,0,996493,1
45000.574067,4,0,0,996497,1
45005.709677,4,0,0,996570,1
45019.511638,4,0,0,996199,1
45023.879817,4,0,0,996418,1
45027.804641,4,0,0,996138,1
45030.669226,4,0,0,996019,1
45031.345824,4,0,0,996030,1
45039.725902,4,0,0,996185,1
45045.463102,4,0,0,996263,1
45045.923648,4,0,0,996292,1
45051.694354,4,0,0,996157,1
45052.142062,4,0,0,996169,1
45053.467568,4,0,0,996246,1
45055.817146,4,0,0,996119,1
45057.042502,4,0,0,996055,1
45058.398337,4,0,0,996066,1
45063.630130,4,0,0,996224,1
45077.765931,4,0,0,996354,1
45084.537828,4,0,0,996212,1
45085.161620,4,0,0,996190,1
45088.239256,4,0,0,996156,1
45088.465818,4,0,0,996119,1
45094.401631,4,0,0,996263,1
45099.029348,4,0,0,996208,1
45100.335952,4,0,0,996176,1
45103.038823,4,0,0,996189,1
45103.513158,4,0,0,996191,1
45104.173573,4,0,0,996238,1
45107.387530,4,0,0,996208,1
45108.338011,4,0,0,996198,1
45118.623627,4,0,0,995935,1
45120.133347,4,0,0,995885,1
45125.756484,4,0,0,995845,1
45128.085630,4,0,0,995883,1
45130.502736,4,0,0,995834,1
45130.863235,4,0,0,995854,1
45136.180794,4,0,0,995876,1
45140.440156,4,0,0,995555,1
45141.075362,4,0,0,995544,1
45146.185835,4,0,0,995614,1
45150.236563,4,0,0,995485,1
45152.351428,4,0,0,995514,1
45159.435020,4,0,0,995547,1
45161.734370,4,0,0,995423,1
45167.980206,4,0,0,995645,1
45168.945057,4,0,0,995698,1
45169.247723,4,0,0,995734,1
45178.735000,4,0,0,995919,1
45184.437697,4,0,0,996318,1
45188.007832,4,0,0,996328,1
45189.140067,4,0,0,996229,1
45189.489596,4,0,0,996168,1
45198.076457,4,0,0,996091,1
45198.480391,4,0,0,996087,1
45198.760329,4,0,0,996086,1
45203.807186,4,0,0,996037,1
45207.185800,4,0,0,996152,1
45207.198810,4,0,0,996156,1
45207.911165,4,0,0,996222,1
45215.828542,4,0,0,995920,1
45217.222179,4,0,0,995835,1
45223.245206,4,0,0,995717,1
45223.512365,4,0,0,995689,1
45229.771600,4,0,0,995809,1
45231.354846,4,0,0,995743,1
45236.576751,4,0,0,995670,1
45241.914284,4,0,0,995781,1
45244.552416,4,0,0,995841,1
45247.243084,4,0,0,995808,1
45256.731764,4,0,0,995983,1
45259.824215,4,0,0,996103,1
45262.050044,4,0,0,996065,1
45272.992745,4,0,0,996173,1
45278.805607,4,0,0,996337,1
45281.379362,4,0,0,996398,1
45283.655967,4,0,0,996416,1
45290.008537,4,0,0,996711,1
45290.456412,4,0,0,996656,1
45291.628486,4,0,0,996622,1
45295.428958,4,0,0,996805,1
45300.344112,4,0,0,996876,1
45302.152126,4,0,0,996920,1
45308.549851,4,0,0,996956,1
45310.442328,4,0,0,996971,1
45325.534380,4,0,0,996870,1
45339.635891,4,0,0,996817,1
45344.852897,4,0,0,996981,1
45366.644894,4,0,0,996729,1
45376.069853,4,0,0,996553,1
45376.694989,4,0,0,996469,1
45379.774547,4,0,0,996389,1
45381.620055,4,0,0,996396,1
45387.751800,4,0,0,996457,1
45393.835762,4,0,0,996461,1
45393.869353,4,0,0,996446,1
45395.788798,4,0,0,996606,1
45398.452341,4,0,0,996619,1
45403.637601,4,0,0,996604,1
45418.438440,4,0,0,996482,1
45419.526987,4,0,0,996451,1
45421.067800,4,0,0,996538,1
45435.786558,4,0,0,996921,1
45437.141339,4,0,0,996924,1
45437.529846,4,0,0,996938,1
45443.981737,4,0,0,996928,1
45448.967016,4,0,0,996833,1
45449.834463,4,0,0,996794,1
45454.818954,4,0,0,996730,1
45464.397373,4,0,0,996747,1
45468.949649,4,0,0,996749,1
45479.749226,4,0,0,996628,1
45494.061724,4,0,0,996097,1
45501.688384,4,0,0,995976,1
45506.231127,4,0,0,996014,1
45511.871726,4,0,0,996025,1
45520.751929,4,0,0,995975,1
45523.167694,4,0,0,995885,1
45523.850123,4,0,0,995866,1
45530.818241,4,0,0,995972,1
45532.716822,4,0,0,995993,1
45533.200045,4,0,0,995977,1
45535.965502,4,0,0,995961,1
45537.969674,4,0,0,996082,1
45539.345000,4,0,0,996146,1
45541.958920,4,0,0,996089,1
45543.363689,4,0,0,995971,1
45544.962824,4,0,0,995908,1
45562.664305,4,0,0,995864,1
45563.244864,4,0,0,995859,1
45566.330857,4,0,0,995878,1
45567.541298,4,0,0,995833,1
45579.073841,4,0,0,995862,1
45585.682712,4,0,0,996030,1
45588.507804,4,0,0,996132,1
45597.732307,4,0,0,995926,1
45601.094354,4,0,0,996005,1
45601.227835,4,0,0,996009,1
45606.137061,4,0,0,996006,1
45610.657505,4,0,0,995836,1
45617.506902,4,0,0,995838,1
45618.229522,4,0,0,995861,1
45631.892852,4,0,0,995921,1
45634.206378,4,0,0,995863,1
45637.345259,4,0,0,995747,1
45639.727012,4,0,0,995835,1
45664.501365,4,0,0,995684,1
45665.876258,4,0,0,995712,1
45673.247891,4,0,0,995778,1
45687.887298,4,0,0,995919,1
45691.055763,4,0,0,995841,1
45694.282333,4,0,0,995782,1
45694.998120,4,0,0,995763,1
45700.004007,4,0,0,995927,1
45704.994199,4,0,0,995799,1
45711.458317,4,0,0,995859,1
45720.217916,4,0,0,995806,1
45754.131885,4,0,0,996011,1
45759.217255,4,0,0,996015,1
45765.605923,4,0,0,996168,1
45773.077570,4,0,0,996131,1
45773.833567,4,0,0,996165,1
45776.095111,4,0,0,996219,1
45778.124010,4,0,0,996288,1
45784.724535,4,0,0,996509,1
45799.884218,4,0,0,996156,1
45800.581198,4,0,0,996186,1
45811.929421,4,0,0,996229,1
45817.739316,4,0,0,996234,1
45821.629962,4,0,0,996092,1
45822.387437,4,0,0,996136,1
45826.407041,4,0,0,996157,1
45840.959804,4,0,0,996111,1
45843.789808,4,0,0,996202,1
45847.685041,4,0,0,996248,1
45857.698924,4,0,0,996277,1
45861.997426,4,0,0,996182,1
45866.993645,4,0,0,996040,1
45868.065805,4,0,0,996005,1
45877.358599,4,0,0,996310,1
45880.490036,4,0,0,996222,1
45884.983565,4,0,0,996145,1
45885.606190,4,0,0,996139,1
45887.853647,4,0,0,996113,1
45889.373992,4,0,0,996072,1
45893.025421,4,0,0,995874,1
45894.550291,4,0,0,995886,1
45898.660604,4,0,0,995929,1
45900.091548,4,0,0,995902,1
45904.565455,4,0,0,995886,1
45906.659710,4,0,0,995976,1
45908.106278,4,0,0,995871,1
45908.479106,4,0,0,995913,1
45914.919669,4,0,0,996060,1
45917.524158,4,0,0,995949,1
45918.202672,4,0,0,995930,1
45918.512094,4,0,0,995898,1
45928.109758,4,0,0,995921,1
45929.877360,4,0,0,995868,1
45933.750975,4,0,0,995923,1
45936.911116,4,0,0,995982,1
45945.680320,4,0,0,996162,1
45949.028393,4,0,0,996252,1
45951.628296,4,0,0,996335,1
45952.032843,4,0,0,996365,1
45953.734065,4,0,0,996381,1
45962.391491,4,0,0,996240,1
45974.117645,4,0,0,996399,1
45974.873715,4,0,0,996405,1
45975.992367,4,0,0,996509,1
45980.364360,4,0,0,996482,1
45992.553256,4,0,0,996452,1
45993.030782,4,0,0,996407,1
46002.617139,4,0,0,996305,1
46002.756200,4,0,0,996287,1
46004.054325,4,0,0,996252,1
46006.003662,4,0,0,996234,1
46018.047953,4,0,0,996471,1
46020.972782,4,0,0,996471,1
46029.322668,4,0,0,996498,1
46029.611905,4,0,0,996551,1
46037.163194,4,0,0,996545,1
46039.402168,4,0,0,996571,1
46052.674094,4,0,0,996399,1
46063.775203,4,0,0,996303,1
46066.492844,4,0,0,996339,1
46070.115338,4,0,0,996349,1
46081.989930,4,0,0,996306,1
46082.510562,4,0,0,996257,1
46083.460599,4,0,0,996273,1
46083.992711,4,0,0,996332,1
46092.328360,4,0,0,996448,1
46092.567610,4,0,0,996444,1
46097.907504,4,0,0,996536,1
46103.858621,4,0,0,996543,1
46113.958802,4,0,0,996525,1
46118.376481,4,0,0,996727,1
46129.235960,4,0,0,997054,1
46140.964646,4,0,0,997033,1
46144.326467,4,0,0,997168,1
46156.790657,4,0,0,997031,1
46159.488591,4,0,0,997031,1
46164.942145,4,0,0,997039,1
46169.652688,4,0,0,997053,1
46180.794185,4,0,0,997003,1
46187.743533,4,0,0,997013,1
46198.987312,4,0,0,996878,1
46199.976340,4,0,0,996874,1
46204.044199,4,0,0,996873,1
46214.637465,4,0,0,997138,1
46219.582362,4,0,0,997067,1
46232.124142,4,0,0,997153,1
46232.363875,4,0,0,997124,1
46235.820378,4,0,0,997064,1
46247.835291,4,0,0,997237,1
46252.796665,4,0,0,997194,1
46254.497524,4,0,0,997248,1
46267.886678,4,0,0,997285,1
46274.600554,4,0,0,997155,1
46278.463235,4,0,0,997214,1
46278.663952,4,0,0,997185,1
46282.844185,4,0,0,997065,1
46285.743513,4,0,0,997029,1
46291.800273,4,0,0,997135,1
46296.076784,4,0,0,997087,1
46302.111174,4,0,0,997304,1
46305.325221,4,0,0,997324,1
46306.108265,4,0,0,997332,1
46306.739750,4,0,0,997279,1
46307.647659,4,0,0,997270,1
46319.702305,4,0,0,997179,1
46322.523249,4,0,0,997172,1
46329.105933,4,0,0,997354,1
46333.297153,4,0,0,997355,1
46348.852876,4,0,0,996978,1
46350.635965,4,0,0,996931,1
46354.505755,4,0,0,996896,1
46366.179138,4,0,0,996767,1
46378.708352,4,0,0,996890,1
46380.596603,4,0,0,997051,1
46381.862878,4,0,0,997032,1
46383.386256,4,0,0,997011,1
46394.658513,4,0,0,997159,1
46396.762180,4,0,0,997220,1
46398.460833,4,0,0,997213,1
46405.352232,4,0,0,997286,1
46415.555533,4,0,0,997033,1
46416.960588,4,0,0,997051,1
46417.721306,4,0,0,997065,1
46424.371074,4,0,0,997209,1
46427.332039,4,0,0,997112,1
46437.365925,4,0,0,996866,1
46437.522756,4,0,0,996875,1
46441.569641,4,0,0,996891,1
46446.774376,4,0,0,996887,1
46452.061426,4,0,0,996798,1
46460.050146,4,0,0,996843,1
46463.215289,4,0,0,996868,1
46463.277086,4,0,0,996865,1
46465.441720,4,0,0,996729,1
46470.833816,4,0,0,996670,1
46477.356022,4,0,0,996747,1
46487.685130,4,0,0,996769,1
46491.500362,4,0,0,996718,1
46492.799001,4,0,0,996675,1
46493.436779,4,0,0,996668,1
46506.506260,4,0,0,996538,1
46509.235461,4,0,0,996563,1
46509.325115,4,0,0,996565,1
46510.505311,4,0,0,996685,1
46512.816106,4,0,0,996465,1
46517.157028,4,0,0,996403,1
46517.382170,4,0,0,996370,1
46520.848129,4,0,0,996274,1
46526.335720,4,0,0,996450,1
46547.597397,4,0,0,996444,1
46548.743781,4,0,0,996520,1
46553.600783,4,0,0,996655,1
46556.470859,4,0,0,996542,1
46562.231117,4,0,0,996677,1
46564.460461,4,0,0,996774,1
46569.717173,4,0,0,996859,1
46575.663086,4,0,0,996890,1
46579.737341,4,0,0,996876,1
46581.808826,4,0,0,996945,1
46587.481837,4,0,0,996810,1
46588.226025,4,0,0,996864,1
46598.488655,4,0,0,996848,1
46600.338026,4,0,0,996742,1
46602.538252,4,0,0,996848,1
46603.797128,4,0,0,996844,1
46608.184431,4,0,0,996857,1
46612.238449,4,0,0,996883,1
46617.336694,4,0,0,996851,1
46620.028900,4,0,0,996851,1
46626.871082,4,0,0,996864,1
46635.234331,4,0,0,997033,1
46635.872176,4,0,0,997077,1
46637.923148,4,0,0,997068,1
46639.972905,4,0,0,997017,1
46640.434484,4,0,0,997012,1
46647.172746,4,0,0,996933,1
46647.854431,4,0,0,996968,1
46651.140136,4,0,0,996942,1
46667.722307,4,0,0,996849,1
46677.409246,4,0,0,996809,1
46684.126122,4,0,0,996847,1
46688.734393,4,0,0,996957,1
46689.628902,4,0,0,997001,1
46697.663104,4,0,0,997023,1
46704.232926,4,0,0,996952,1
46710.791348,4,0,0,996829,1
46711.756786,4,0,0,996843,1
46722.876714,4,0,0,996867,1
46723.467387,4,0,0,996872,1
46728.166067,4,0,0,997087,1
46732.102461,4,0,0,996999,1
46734.850580,4,0,0,997069,1
46736.197544,4,0,0,997024,1
46746.309010,4,0,0,996804,1
46748.647646,4,0,0,996704,1
46751.655073,4,0,0,996594,1
46754.750059,4,0,0,996505,1
46764.757943,4,0,0,996555,1
46766.785853,4,0,0,996690,1
46782.451072,4,0,0,996909,1
46798.123585,4,0,0,996614,1
46800.926231,4,0,0,996698,1
46803.117925,4,0,0,996765,1
46804.393837,4,0,0,996739,1
46824.523994,4,0,0,996610,1
46830.926596,4,0,0,996618,1
46838.707100,4,0,0,996477,1
46843.624349,4,0,0,996421,1
46852.794674,4,0,0,996065,1
46860.023379,4,0,0,996220,1
46861.575894,4,0,0,996170,1
46862.638150,4,0,0,996198,1
46868.690817,4,0,0,996108,1
46881.851865,4,0,0,996207,1
46885.378730,4,0,0,996051,1
46885.398913,4,0,0,996060,1
46887.823174,4,0,0,995994,1
46890.232170,4,0,0,995974,1
46893.752729,4,0,0,995944,1
46908.092969,4,0,0,995756,1
46913.122872,4,0,0,995823,1
46913.669765,4,0,0,995816,1
46916.947627,4,0,0,995926,1
46920.468939,4,0,0,995902,1
46923.308823,4,0,0,995751,1
46941.531898,4,0,0,995777,1
46942.460935,4,0,0,995736,1
46943.913600,4,0,0,995766,1
46945.992224,4,0,0,995788,1
46953.979239,4,0,0,995787,1
46958.082551,4,0,0,995725,1
46960.726200,4,0,0,995837,1
46968.419734,4,0,0,996023,1
46969.790601,4,0,0,995908,1
46969.825750,4,0,0,995898,1
46971.054963,4,0,0,995853,1
46971.217279,4,0,0,995822,1
46971.377706,4,0,0,995814,1
46972.098594,4,0,0,995807,1
46980.134035,4,0,0,995929,1
46982.648681,4,0,0,995915,1
46987.922328,4,0,0,995905,1
46998.406174,4,0,0,995947,1
47005.137002,4,0,0,995965,1
47013.596335,4,0,0,995987,1
47013.925987,4,0,0,996020,1
47027.913365,4,0,0,996297,1
47028.503194,4,0,0,996267,1
47030.787102,4,0,0,996276,1
47032.403441,4,0,0,996292,1
47037.273749,4,0,0,996240,1
47041.159242,4,0,0,996202,1
47043.522146,4,0,0,996120,1
47047.148430,4,0,0,996369,1
47049.172836,4,0,0,996307,1
47053.607532,4,0,0,996084,1
47056.775497,4,0,0,996274,1
47057.238412,4,0,0,996246,1
47057.426703,4,0,0,996232,1
47068.149287,4,0,0,996287,1
47069.071801,4,0,0,996281,1
47078.862330,4,0,0,996322,1
47083.455562,4,0,0,996206,1
47086.642221,4,0,0,996198,1
47090.496987,4,0,0,996165,1
47091.677079,4,0,0,996099,1
47091.971056,4,0,0,996075,1
47091.977921,4,0,0,996072,1
47097.499895,4,0,0,995979,1
47104.720492,4,0,0,995909,1
47109.110862,4,0,0,995963,1
47111.393645,4,0,0,996083,1
47113.494794,4,0,0,996094,1
47119.716113,4,0,0,996222,1
47126.349085,4,0,0,995980,1
47128.599166,4,0,0,996022,1
47129.223233,4,0,0,996098,1
47133.226229,4,0,0,995973,1
47134.057259,4,0,0,996056,1
47139.819871,4,0,0,995868,1
47142.193324,4,0,0,995996,1
47145.016615,4,0,0,995998,1
47145.529996,4,0,0,995995,1
47164.729118,4,0,0,996035,1
47165.383632,4,0,0,996033,1
47170.617093,4,0,0,996061,1
47172.571906,4,0,0,996088,1
47173.468090,4,0,0,996056,1
47176.212158,4,0,0,995962,1
47188.582453,4,0,0,995938,1
47191.362481,4,0,0,995888,1
47202.520582,4,0,0,995833,1
47207.530919,4,0,0,995734,1
47211.915824,4,0,0,995653,1
47211.945941,4,0,0,995651,1
47214.593499,4,0,0,995680,1
47217.264103,4,0,0,995769,1
47218.841248,4,0,0,995822,1
47223.001673,4,0,0,995742,1
47228.675760,4,0,0,995832,1
47231.090012,4,0,0,995775,1
47233.040731,4,0,0,995760,1
47234.067691,4,0,0,995716,1
47234.129037,4,0,0,995735,1
47237.655389,4,0,0,995634,1
47237.905705,4,0,0,995660,1
47238.860913,4,0,0,995661,1
47249.157827,4,0,0,995685,1
47252.269367,4,0,0,995710,1
47271.210688,4,0,0,995538,1
47278.486847,4,0,0,995555,1
47278.556235,4,0,0,995564,1
47283.533241,4,0,0,995524,1
47283.907384,4,0,0,995498,1
47284.593342,4,0,0,995471,1
47284.798545,4,0,0,995525,1
47284.977839,4,0,0,995522,1
47293.637120,4,0,0,995300,1
47296.740850,4,0,0,995207,1
47299.492715,4,0,0,995226,1
47312.644882,4,0,0,995165,1
47314.921491,4,0,0,995040,1
47322.151288,4,0,0,995076,1
47326.840187,4,0,0,995191,1
47330.766603,4,0,0,995075,1
47339.747999,4,0,0,995142,1
47353.860235,4,0,0,995150,1
47358.430590,4,0,0,995210,1
47359.535932,4,0,0,995218,1
47360.416962,4,0,0,995229,1
47379.220244,4,0,0,995157,1
47394.582786,4,0,0,995150,1
47417.123787,4,0,0,995083,1
47426.472567,4,0,0,994969,1
47431.140785,4,0,0,994993,1
47454.455954,4,0,0,995186,1
47455.189095,4,0,0,995226,1
47459.162881,4,0,0,995098,1
47470.098878,4,0,0,995144,1
47477.390664,4,0,0,995210,1
47479.577935,4,0,0,995258,1
47484.613380,4,0,0,995169,1
47491.877342,4,0,0,994838,1
47493.972994,4,0,0,994771,1
47494.048857,4,0,0,994770,1
47494.793108,4,0,0,994767,1
47500.387461,4,0,0,994768,1
47500.872865,4,0,0,994755,1
47507.489279,4,0,0,994577,1
47509.596516,4,0,0,994563,1
47511.959086,4,0,0,994518,1
47513.202431,4,0,0,994484,1
47519.678696,4,0,0,994311,1
47521.616281,4,0,0,994144,1
47523.192738,4,0,0,994076,1
47526.599577,4,0,0,993899,1
47529.067025,4,0,0,993925,1
47533.478160,4,0,0,993934,1
47544.523175,4,0,0,994143,1
47548.760314,4,0,0,993994,1
47548.974702,4,0,0,993963,1
47550.028157,4,0,0,994060,1
47551.017018,4,0,0,994117,1
47552.435705,4,0,0,994111,1
47570.820361,4,0,0,993995,1
47580.051435,4,0,0,993834,1
47582.329905,4,0,0,993838,1
47584.781966,4,0,0,993987,1
47588.386663,4,0,0,993623,1
47592.455720,4,0,0,993689,1
47594.686788,4,0,0,993591,1
47598.905542,4,0,0,993548,1
47600.284879,4,0,0,993430,1
47602.689428,4,0,0,993544,1
47608.220822,4,0,0,993482,1
47612.308412,4,0,0,993432,1
47625.367910,4,0,0,993723,1
47626.393709,4,0,0,993699,1
47627.550403,4,0,0,993724,1
47628.941080,4,0,0,993775,1
47631.024407,4,0,0,993808,1
47636.252584,4,0,0,993883,1
47637.397729,4,0,0,993917,1
47645.267254,4,0,0,994042,1
47646.684890,4,0,0,994099,1
47655.078310,4,0,0,994149,1
47658.638068,4,0,0,994165,1
47659.971540,4,0,0,994139,1
47660.058504,4,0,0,994140,1
47660.619628,4,0,0,994166,1
47661.149918,4,0,0,994169,1
47661.293381,4,0,0,994178,1
47665.322739,4,0,0,994143,1
47666.684826,4,0,0,994243,1
47670.777305,4,0,0,994222,1
47675.296780,4,0,0,994064,1
47677.620090,4,0,0,994163,1
47680.078209,4,0,0,994152,1
47683.156637,4,0,0,994091,1
47685.916282,4,0,0,994167,1
47688.238841,4,0,0,994028,1
47690.111504,4,0,0,993962,1
47690.666617,4,0,0,993938,1
47701.280410,4,0,0,994141,1
47704.928604,4,0,0,993989,1
47710.440447,4,0,0,994089,1
47710.765194,4,0,0,994119,1
47714.688339,4,0,0,994174,1
47729.598332,4,0,0,994014,1
47734.034260,4,0,0,993995,1
47745.360920,4,0,0,993832,1
47749.334906,4,0,0,993977,1
47750.986894,4,0,0,993988,1
47758.390609,4,0,0,994053,1
47763.925915,4,0,0,993849,1
47765.960804,4,0,0,993771,1
47769.992810,4,0,0,993840,1
47771.179150,4,0,0,993847,1
47777.662798,4,0,0,993809,1
47781.387583,4,0,0,993830,1
47782.919114,4,0,0,993890,1
47785.258328,4,0,0,994061,1
47786.236447,4,0,0,994050,1
47809.952431,4,0,0,994553,1
47819.377633,4,0,0,994556,1
47833.530038,4,0,0,994404,1
47835.851203,4,0,0,994490,1
47841.589962,4,0,0,994419,1
47844.545024,4,0,0,994541,1
47847.239209,4,0,0,994495,1
47847.449586,4,0,0,994511,1
47849.096187,4,0,0,994590,1
47859.156767,4,0,0,994532,1
47859.278983,4,0,0,994513,1
47868.080983,4,0,0,994770,1
47871.260260,4,0,0,994741,1
47873.725724,4,0,0,994797,1
47888.907496,4,0,0,994792,1
47892.459654,4,0,0,994914,1
47892.850262,4,0,0,994899,1
47893.919687,4,0,0,994880,1
47900.374133,4,0,0,994992,1
47906.626034,4,0,0,994946,1
47910.237148,4,0,0,995101,1
47910.703250,4,0,0,995074,1
47911.975944,4,0,0,995093,1
47920.088973,4,0,0,995125,1
47920.755445,4,0,0,995131,1
47938.199593,4,0,0,994984,1
47946.279699,4,0,0,994896,1
47951.605296,4,0,0,994995,1
47981.992756,4,0,0,995312,1
47989.657213,4,0,0,995433,1
47991.245879,4,0,0,995460,1
48000.447200,4,0,0,995331,1
48006.534687,4,0,0,995395,1
48015.970103,4,0,0,995489,1
48017.886627,4,0,0,995494,1
48020.912383,4,0,0,995577,1
48027.485581,4,0,0,995397,1
48030.005099,4,0,0,995312,1
48030.101093,4,0,0,995324,1
48031.986795,4,0,0,995265,1
48032.476400,4,0,0,995242,1
48036.695337,4,0,0,995202,1
48045.341373,4,0,0,995300,1
48045.383223,4,0,0,995305,1
48055.397104,4,0,0,995154,1
48056.063099,4,0,0,995161,1
48057.245188,4,0,0,995135,1
48063.537119,4,0,0,995211,1
48064.948354,4,0,0,995267,1
48087.679320,4,0,0,995110,1
48087.853058,4,0,0,995104,1
48091.241428,4,0,0,995028,1
48091.678695,4,0,0,995026,1
48106.489207,4,0,0,995144,1
48112.944795,4,0,0,995311,1
48113.188762,4,0,0,995328,1
48121.175346,4,0,0,995355,1
48122.603972,4,0,0,995291,1
48126.013781,4,0,0,995354,1
48136.600042,4,0,0,995246,1
48137.897622,4,0,0,995156,1
48150.653995,4,0,0,995446,1
48150.678044,4,0,0,995455,1
48158.397502,4,0,0,995547,1
48158.711961,4,0,0,995549,1
48161.592141,4,0,0,995594,1
48164.213961,4,0,0,995601,1
48164.288532,4,0,0,995596,1
48167.418725,4,0,0,995699,1
48176.406493,4,0,0,995607,1
48180.843254,4,0,0,995515,1
48182.549385,4,0,0,995523,1
48200.086038,4,0,0,995297,1
48217.752801,4,0,0,995400,1
48219.348098,4,0,0,995309,1
48237.944616,4,0,0,995008,1
48240.358350,4,0,0,995131,1
48242.482442,4,0,0,995204,1
48245.919214,4,0,0,995241,1
48251.571860,4,0,0,995058,1
48269.640740,4,0,0,994815,1
48271.215817,4,0,0,994930,1
48271.684327,4,0,0,994926,1
48273.339822,4,0,0,995021,1
48281.663026,4,0,0,994997,1
48289.958035,4,0,0,995121,1
48297.515712,4,0,0,995257,1
48299.828867,4,0,0,995267,1
48302.383212,4,0,0,995222,1
48302.933297,4,0,0,995241,1
48311.158104,4,0,0,995267,1
48312.918776,4,0,0,995278,1
48319.477613,4,0,0,995221,1
48322.996746,4,0,0,995314,1
48333.450724,4,0,0,995273,1
48335.423461,4,0,0,995260,1
48339.292131,4,0,0,995364,1
48342.434057,4,0,0,995329,1
48345.880397,4,0,0,995159,1
48349.762019,4,0,0,995181,1
48350.849941,4,0,0,995246,1
48356.187995,4,0,0,995317,1
48363.509380,4,0,0,995316,1
48364.933356,4,0,0,995299,1
48370.496871,4,0,0,995218,1
48378.104434,4,0,0,995180,1
48382.273246,4,0,0,995059,1
48384.675214,4,0,0,995066,1
48386.737692,4,0,0,995123,1
48396.124581,4,0,0,995084,1
48396.305420,4,0,0,995089,1
48404.008896,4,0,0,995265,1
48407.754552,4,0,0,995416,1
48408.985511,4,0,0,995421,1
48414.493844,4,0,0,995357,1
48415.920184,4,0,0,995320,1
48416.559696,4,0,0,995269,1
48420.676988,4,0,0,995200,1
48423.460077,4,0,0,995264,1
48424.334930,4,0,0,995277,1
48425.589369,4,0,0,995234,1
48429.140693,4,0,0,995223,1
48430.643057,4,0,0,995228,1
48439.374871,4,0,0,995341,1
48442.484675,4,0,0,995411,1
48445.266451,4,0,0,995260,1
48456.741569,4,0,0,995352,1
48462.077018,4,0,0,995243,1
48465.917555,4,0,0,995242,1
48467.631919,4,0,0,995232,1
48468.292287,4,0,0,995186,1
48468.324288,4,0,0,995186,1
48469.832225,4,0,0,995147,1
48471.228337,4,0,0,995108,1
48479.207584,4,0,0,995193,1
48480.140709,4,0,0,995216,1
48485.044610,4,0,0,995336,1
48491.530586,4,0,0,995344,1
48498.837587,4,0,0,995397,1
48500.034483,4,0,0,995434,1
48502.255298,4,0,0,995428,1
48506.264118,4,0,0,995397,1
48525.451229,4,0,0,995067,1
48530.396482,4,0,0,994996,1
48532.144857,4,0,0,995001,1
48557.563151,4,0,0,995118,1
48557.860544,4,0,0,995132,1
48564.023156,4,0,0,995030,1
48566.388502,4,0,0,995143,1
48570.299591,4,0,0,995115,1
48578.180125,4,0,0,995044,1
48586.989331,4,0,0,994952,1
48587.085624,4,0,0,994950,1
48588.572669,4,0,0,994992,1
48593.188173,4,0,0,994866,1
48608.684176,4,0,0,994966,1
48612.137627,4,0,0,995065,1
48614.205102,4,0,0,995167,1
48616.421484,4,0,0,995183,1
48620.373980,4,0,0,995257,1
48626.948551,4,0,0,995302,1
48631.762103,4,0,0,995267,1
48637.384277,4,0,0,995359,1
48640.523794,4,0,0,995435,1
48643.412270,4,0,0,995421,1
48648.718433,4,0,0,995181,1
48648.881025,4,0,0,995205,1
48650.126568,4,0,0,995234,1
48667.324756,4,0,0,995091,1
48667.645683,4,0,0,995132,1
48671.894223,4,0,0,995192,1
48672.482338,4,0,0,995206,1
48675.485398,4,0,0,995221,1
48677.490510,4,0,0,995164,1
48683.383093,4,0,0,995061,1
48691.485949,4,0,0,994934,1
48693.156692,4,0,0,994870,1
48698.003712,4,0,0,994915,1
48698.312983,4,0,0,994914,1
48701.470328,4,0,0,994951,1
48701.937709,4,0,0,994950,1
48703.262003,4,0,0,994973,1
48707.285731,4,0,0,994911,1
48709.724353,4,0,0,994953,1
48711.825158,4,0,0,995063,1
48717.842312,4,0,0,995076,1
48726.205235,4,0,0,995007,1
48732.129873,4,0,0,994911,1
48736.724245,4,0,0,994753,1
48737.064611,4,0,0,994807,1
48737.817559,4,0,0,994743,1
48738.492565,4,0,0,994751,1
48740.174540,4,0,0,994850,1
48753.757392,4,0,0,994795,1
48755.363619,4,0,0,994834,1
48759.119718,4,0,0,994717,1
48768.706085,4,0,0,994554,1
48769.745925,4,0,0,994448,1
48777.263714,4,0,0,994253,1
48778.585556,4,0,0,994159,1
48794.202604,4,0,0,994367,1
48812.576238,4,0,0,994294,1
48819.872884,4,0,0,994243,1
48826.189656,4,0,0,994285,1
48826.412203,4,0,0,994282,1
48830.598680,4,0,0,994271,1
48833.280156,4,0,0,994376,1
48833.581169,4,0,0,994360,1
48839.284872,4,0,0,994274,1
48844.134822,4,0,0,994384,1
48847.530536,4,0,0,994392,1
48866.046521,4,0,0,994603,1
48871.150810,4,0,0,994499,1
48899.334171,4,0,0,994309,1
48900.496684,4,0,0,994224,1
48901.492971,4,0,0,994222,1
48902.397466,4,0,0,994197,1
48904.098622,4,0,0,994160,1
48904.758715,4,0,0,994175,1
48908.762754,4,0,0,994506,1
48911.175384,4,0,0,994473,1
48911.615007,4,0,0,994476,1
48915.045905,4,0,0,994585,1
48917.405478,4,0,0,994585,1
48926.037012,4,0,0,994504,1
48929.028864,4,0,0,994537,1
48936.376213,4,0,0,994320,1
48959.632861,4,0,0,994391,1
48968.949707,4,0,0,994271,1
48988.528349,4,0,0,993794,1
48991.246313,4,0,0,993714,1
49006.111014,4,0,0,993313,1
49025.496170,4,0,0,993285,1
49026.548873,4,0,0,993322,1
49033.909526,4,0,0,993094,1
49038.933127,4,0,0,993089,1
49039.302899,4,0,0,993092,1
49039.974503,4,0,0,993043,1
49040.131006,4,0,0,993052,1
49043.241737,4,0,0,993080,1
49046.419413,4,0,0,993206,1
49060.493708,4,0,0,993260,1
49062.094418,4,0,0,993272,1
49065.105438,4,0,0,993343,1
49074.336497,4,0,0,993343,1
49079.662123,4,0,0,993575,1
49084.553333,4,0,0,993349,1
49084.825756,4,0,0,993398,1
49089.069288,4,0,0,993355,1
49091.726118,4,0,0,993458,1
49092.285495,4,0,0,993476,1
49096.093310,4,0,0,993492,1
49097.192259,4,0,0,993551,1
49098.684117,4,0,0,993631,1
49106.679559,4,0,0,993684,1
49108.281832,4,0,0,993688,1
49114.824075,4,0,0,993596,1
49132.451509,4,0,0,993498,1
49137.240625,4,0,0,993481,1
49137.365831,4,0,0,993483,1
49138.457279,4,0,0,993486,1
49141.525568,4,0,0,993645,1
49143.306001,4,0,0,993571,1
49149.466009,4,0,0,993867,1
49154.882249,4,0,0,994038,1
49156.997663,4,0,0,993978,1
49163.756290,4,0,0,993845,1
49165.041064,4,0,0,993926,1
49168.603853,4,0,0,994036,1
49172.028303,4,0,0,994079,1
49185.502355,4,0,0,993870,1
49186.583002,4,0,0,993909,1
49186.638753,4,0,0,993917,1
49188.208906,4,0,0,993909,1
49193.244916,4,0,0,993944,1
49193.403546,4,0,0,993986,1
49200.482360,4,0,0,994310,1
49203.947483,4,0,0,994443,1
49212.053868,4,0,0,994527,1
49216.890468,4,0,0,994525,1
49218.335564,4,0,0,994529,1
49221.839612,4,0,0,994475,1
49226.823583,4,0,0,994408,1
49228.168603,4,0,0,994476,1
49231.917241,4,0,0,994425,1
49241.945288,4,0,0,994453,1
49244.546785,4,0,0,994474,1
49245.981900,4,0,0,994440,1
49258.320360,4,0,0,994087,1
49263.522737,4,0,0,993993,1
49266.294561,4,0,0,994093,1
49275.988024,4,0,0,994376,1
49276.811600,4,0,0,994352,1
49276.868905,4,0,0,994354,1
49283.224726,4,0,0,994545,1
49284.792914,4,0,0,994532,1
49287.458666,4,0,0,994478,1
49288.018947,4,0,0,994473,1
49295.326433,4,0,0,994540,1
49296.020531,4,0,0,994530,1
49297.816549,4,0,0,994465,1
49299.274345,4,0,0,994529,1
49301.112486,4,0,0,994544,1
49302.758364,4,0,0,994401,1
49308.706190,4,0,0,994198,1
49312.912757,4,0,0,994068,1
49313.459568,4,0,0,994078,1
49319.062507,4,0,0,993987,1
49329.433340,4,0,0,993954,1
49329.716820,4,0,0,993948,1
49330.956601,4,0,0,993963,1
49331.482863,4,0,0,993944,1
49333.305153,4,0,0,993946,1
49333.470784,4,0,0,993942,1
49337.446080,4,0,0,993906,1
49347.802392,4,0,0,994013,1
49350.215637,4,0,0,993927,1
49362.064068,4,0,0,993798,1
49365.021806,4,0,0,993901,1
49366.629653,4,0,0,993928,1
49367.183702,4,0,0,993904,1
49387.473553,4,0,0,993933,1
49390.949749,4,0,0,993796,1
49392.749357,4,0,0,993771,1
49394.357399,4,0,0,993760,1
49397.990581,4,0,0,993812,1
49403.941164,4,0,0,993824,1
49405.479753,4,0,0,993718,1
49408.128898,4,0,0,993804,1
49415.898826,4,0,0,993971,1
49417.740997,4,0,0,994042,1
49419.286751,4,0,0,994119,1
49419.513853,4,0,0,994130,1
49421.571369,4,0,0,994080,1
49426.869191,4,0,0,994106,1
49428.152607,4,0,0,994125,1
49444.626208,4,0,0,994293,1
49458.994688,4,0,0,994229,1
49462.485683,4,0,0,994051,1
49466.948399,4,0,0,994050,1
49479.205107,4,0,0,993859,1
49497.640261,4,0,0,993665,1
49501.091671,4,0,0,993527,1
49507.302079,4,0,0,993791,1
49507.860871,4,0,0,993774,1
49509.722120,4,0,0,993669,1
49520.074354,4,0,0,993559,1
49525.125326,4,0,0,993675,1
49530.954694,4,0,0,993615,1
49532.010437,4,0,0,993620,1
49532.960750,4,0,0,993654,1
49544.606822,4,0,0,993574,1
49550.957808,4,0,0,993726,1
49552.104105,4,0,0,994381,1
49556.564872,4,0,0,994360,1
49569.127814,4,0,0,993920,1
49574.012189,4,0,0,994178,1
49577.240985,4,0,0,994229,1
49581.039947,4,0,0,994271,1
49586.475686,4,0,0,994425,1
49594.675372,4,0,0,994541,1
49601.473518,4,0,0,994726,1
49606.063035,4,0,0,994451,1
49614.342131,4,0,0,994604,1
49616.598943,4,0,0,994656,1
49620.773300,4,0,0,994612,1
49621.574831,4,0,0,994603,1
49622.096818,4,0,0,994617,1
49633.931455,4,0,0,994541,1
49646.418636,4,0,0,994884,1
49647.598998,4,0,0,994940,1
49648.755451,4,0,0,995001,1
49651.503483,4,0,0,994999,1
49652.892226,4,0,0,994997,1
49653.891618,4,0,0,994993,1
49655.583879,4,0,0,994954,1
49656.163750,4,0,0,994947,1
49656.861399,4,0,0,994926,1
49661.978618,4,0,0,994851,1
49662.962096,4,0,0,994822,1
49668.633936,4,0,0,994867,1
49669.505190,4,0,0,994868,1
49673.389494,4,0,0,995064,1
49673.840107,4,0,0,994997,1
49676.191516,4,0,0,994911,1
49678.749145,4,0,0,994843,1
49681.249832,4,0,0,994887,1
49698.148974,4,0,0,994765,1
49701.798891,4,0,0,994731,1
49706.469506,4,0,0,994595,1
49706.550739,4,0,0,994587,1
49707.886175,4,0,0,994562,1
49713.575932,4,0,0,994516,1
49713.611358,4,0,0,994511,1
49720.375114,4,0,0,994647,1
49730.696915,4,0,0,995007,1
49740.062576,4,0,0,994824,1
49741.526213,4,0,0,994848,1
49751.623826,4,0,0,994552,1
49753.104531,4,0,0,994543,1
49760.447347,4,0,0,994496,1
49762.712847,4,0,0,994563,1
49762.872313,4,0,0,994567,1
49763.480230,4,0,0,994563,1
49764.044273,4,0,0,994575,1
49771.863485,4,0,0,994659,1
49773.004279,4,0,0,994657,1
49781.845566,4,0,0,994497,1
49784.961480,4,0,0,994266,1
49786.450548,4,0,0,994321,1
49786.825079,4,0,0,994375,1
49797.037730,4,0,0,994398,1
49797.509887,4,0,0,994391,1
49798.347844,4,0,0,994417,1
49799.942000,4,0,0,994416,1
49807.223949,4,0,0,994644,1
49813.647778,4,0,0,994507,1
49820.251469,4,0,0,994502,1
49821.885585,4,0,0,994528,1
49825.932918,4,0,0,994671,1
49826.346472,4,0,0,994623,1
49827.349007,4,0,0,994629,1
49827.383495,4,0,0,994641,1
49840.858951,4,0,0,994627,1
49863.272267,4,0,0,994753,1
49865.494663,4,0,0,994693,1
49878.735364,4,0,0,994838,1
49879.939607,4,0,0,994866,1
49883.455477,4,0,0,994975,1
49887.157580,4,0,0,995036,1
49887.174873,4,0,0,995042,1
49887.930166,4,0,0,995144,1
49898.199494,4,0,0,995036,1
49907.857672,4,0,0,995054,1
49908.255065,4,0,0,995086,1
49912.387156,4,0,0,995097,1
49914.286293,4,0,0,995133,1
49916.634283,4,0,0,995115,1
49917.117976,4,0,0,995092,1
49924.847887,4,0,0,995033,1
49933.702210,4,0,0,995054,1
49936.129110,4,0,0,994990,1
49939.008373,4,0,0,994872,1
49939.904440,4,0,0,994865,1
49946.874559,4,0,0,994848,1
49952.660771,4,0,0,994905,1
49953.205448,4,0,0,994894,1
49958.405368,4,0,0,994727,1
49962.252220,4,0,0,994689,1
49967.575471,4,0,0,994794,1
49975.557991,4,0,0,994719,1
49981.041634,4,0,0,994552,1
49982.245521,4,0,0,994524,1
49984.140241,4,0,0,994452,1
49989.516617,4,0,0,994363,1
49991.791568,4,0,0,994357,1
49992.950421,4,0,0,994402,1
49997.303325,4,0,0,994574,1
50008.651841,4,0,0,994695,1
50009.342434,4,0,0,994691,1
50009.976314,4,0,0,994611,1
50010.796716,4,0,0,994614,1
50011.880176,4,0,0,994562,1
50028.185118,4,0,0,994208,1
50031.635507,4,0,0,994381,1
50032.374845,4,0,0,994387,1
50032.742538,4,0,0,994343,1
50049.615594,4,0,0,994341,1
50052.510348,4,0,0,994448,1
50053.426970,4,0,0,994374,1
50062.512471,4,0,0,994299,1
50071.143795,4,0,0,994212,1
50076.235713,4,0,0,994156,1
50080.562831,4,0,0,994133,1
50095.448466,4,0,0,994453,1
50100.978601,4,0,0,994138,1
50102.098819,4,0,0,994147,1
50102.361325,4,0,0,994110,1
50106.277245,4,0,0,993962,1
50112.769518,4,0,0,993911,1
50123.250990,4,0,0,993945,1
50127.727183,4,0,0,993930,1
50129.634225,4,0,0,993896,1
50145.502731,4,0,0,993736,1
50145.903098,4,0,0,993729,1
50158.091985,4,0,0,993583,1
50160.349769,4,0,0,993520,1
50168.856733,4,0,0,993264,1
50189.583829,4,0,0,993297,1
50190.227845,4,0,0,993294,1
50200.970957,4,0,0,992935,1
50202.111207,4,0,0,992861,1
50203.909673,4,0,0,992765,1
50208.577170,4,0,0,992721,1
50213.472249,4,0,0,992736,1
50219.344011,4,0,0,992739,1
50225.218883,4,0,0,992678,1
50226.718420,4,0,0,992589,1
50234.139069,4,0,0,992313,1
50236.354345,4,0,0,992213,1
50238.783751,4,0,0,992156,1
50238.829853,4,0,0,992161,1
50257.221711,4,0,0,992582,1
50260.439805,4,0,0,992572,1
50263.673603,4,0,0,992689,1
50264.570889,4,0,0,992638,1
50274.690937,4,0,0,992761,1
50276.412349,4,0,0,992775,1
50277.000810,4,0,0,992820,1
50277.532050,4,0,0,992795,1
50285.052050,4,0,0,992751,1
50286.001834,4,0,0,992733,1
50289.301951,4,0,0,992723,1
50293.853832,4,0,0,992808,1
50304.791602,4,0,0,992827,1
50317.424297,4,0,0,992731,1
50317.812161,4,0,0,992685,1
50346.692535,4,0,0,992692,1
50348.955096,4,0,0,992721,1
50357.443727,4,0,0,992711,1
50357.449112,4,0,0,992723,1
50357.763874,4,0,0,992695,1
50359.212233,4,0,0,992731,1
50364.692178,4,0,0,992875,1
50367.157754,4,0,0,992873,1
50374.672479,4,0,0,992991,1
50375.999836,4,0,0,992988,1
50377.214458,4,0,0,993013,1
50385.113459,4,0,0,993146,1
50386.297304,4,0,0,993210,1
50396.334382,4,0,0,993258,1
50400.665200,4,0,0,993128,1
50401.919479,4,0,0,993183,1
50410.219625,4,0,0,993072,1
50419.124634,4,0,0,992999,1
50421.723903,4,0,0,992943,1
50426.182259,4,0,0,993047,1
50431.079990,4,0,0,993029,1
50432.732297,4,0,0,993044,1
50439.278612,4,0,0,993174,1
50443.230091,4,0,0,993069,1
50445.683408,4,0,0,993074,1
50445.937774,4,0,0,993022,1
50445.989651,4,0,0,993011,1
50446.413884,4,0,0,992959,1
50456.815841,4,0,0,992981,1
50457.284436,4,0,0,993014,1
50460.384362,4,0,0,992980,1
50473.083883,4,0,0,993036,1
50476.070553,4,0,0,993098,1
50476.917679,4,0,0,993057,1
50496.076524,4,0,0,992911,1
50496.574672,4,0,0,992973,1
50499.073908,4,0,0,993038,1
50509.870737,4,0,0,992958,1
50512.338717,4,0,0,992952,1
50514.667676,4,0,0,993035,1
50518.402385,4,0,0,993076,1
50521.977544,4,0,0,993045,1
50535.141504,4,0,0,993246,1
50537.585648,4,0,0,993213,1
50541.432941,4,0,0,993188,1
50541.699930,4,0,0,993177,1
50544.052406,4,0,0,993142,1
50544.802833,4,0,0,993147,1
50547.369589,4,0,0,993110,1
50548.213904,4,0,0,993143,1
50550.372433,4,0,0,993076,1
50554.103573,4,0,0,992981,1
50557.489505,4,0,0,992974,1
50557.659625,4,0,0,992925,1
50562.167276,4,0,0,992920,1
50565.481534,4,0,0,992915,1
50568.993952,4,0,0,993002,1
50579.018969,4,0,0,993175,1
50581.519998,4,0,0,993018,1
50581.523029,4,0,0,993020,1
50582.834801,4,0,0,993049,1
50585.594368,4,0,0,992916,1
50586.143997,4,0,0,992902,1
50590.593102,4,0,0,992799,1
50591.955371,4,0,0,992833,1
50593.225696,4,0,0,992932,1
50594.502162,4,0,0,992888,1
50602.184861,4,0,0,992860,1
50603.997610,4,0,0,992795,1
50605.728717,4,0,0,992850,1
50606.076342,4,0,0,992822,1
50612.675804,4,0,0,992736,1
50617.184662,4,0,0,992684,1
50633.906198,4,0,0,992771,1
50634.478973,4,0,0,992814,1
50638.131470,4,0,0,992897,1
50640.653332,4,0,0,992977,1
50646.449356,4,0,0,993135,1
50652.049424,4,0,0,992961,1
50653.048158,4,0,0,993086,1
50659.277793,4,0,0,993341,1
50665.314916,4,0,0,993528,1
50677.091100,4,0,0,993544,1
50678.163437,4,0,0,993490,1
50688.421993,4,0,0,993403,1
50688.464202,4,0,0,993393,1
50697.985176,4,0,0,993347,1
50700.150423,4,0,0,993423,1
50703.306818,4,0,0,993342,1
50713.120929,4,0,0,993253,1
50717.913672,4,0,0,993098,1
50722.740415,4,0,0,993159,1
50727.067779,4,0,0,993349,1
50729.860364,4,0,0,993327,1
50737.775351,4,0,0,993160,1
50739.629499,4,0,0,992996,1
50749.499094,4,0,0,992969,1
50779.825957,4,0,0,992890,1
50779.855907,4,0,0,992885,1
50782.582849,4,0,0,992859,1
50790.443164,4,0,0,992779,1
50792.908902,4,0,0,992826,1
50797.898681,4,0,0,992862,1
50813.538113,4,0,0,993318,1
50814.419601,4,0,0,993380,1
50821.831371,4,0,0,993367,1
50830.930883,4,0,0,993585,1
50831.856104,4,0,0,993603,1
50832.963427,4,0,0,993637,1
50847.303270,4,0,0,993699,1
50860.192146,4,0,0,993809,1
50867.368968,4,0,0,993870,1
50869.691820,4,0,0,993876,1
50870.466955,4,0,0,993825,1
50872.623300,4,0,0,993845,1
50878.824776,4,0,0,993754,1
50880.358084,4,0,0,993743,1
50884.948700,4,0,0,993666,1
50888.072553,4,0,0,993651,1
50891.648999,4,0,0,993816,1
50896.053538,4,0,0,993612,1
50918.732454,4,0,0,993514,1
50919.607477,4,0,0,993559,1
50927.322928,4,0,0,993725,1
50930.249653,4,0,0,993635,1
50937.635242,4,0,0,993733,1
50940.052753,4,0,0,993621,1
50944.738063,4,0,0,993759,1
50955.827452,4,0,0,993611,1
50963.824768,4,0,0,993356,1
50964.821833,4,0,0,993371,1
50981.731005,4,0,0,993251,1
50985.976055,4,0,0,993190,1
50992.341824,4,0,0,993309,1
