34199.000000,1,0,100,999000,1
34199.000000,1,0,100,999100,1
34199.000000,1,0,100,999200,1
34199.000000,1,0,100,999300,1
34199.000000,1,0,100,999400,1
34199.000000,1,0,100,999500,1
34199.000000,1,0,100,999600,1
34199.000000,1,0,100,999700,1
34199.000000,1,0,100,999800,1
34199.000000,1,0,100,999900,1
34199.000000,1,0,100,1000100,-1
34199.000000,1,0,100,1000200,-1
34199.000000,1,0,100,1000300,-1
34199.000000,1,0,100,1000400,-1
34199.000000,1,0,100,1000500,-1
34199.000000,1,0,100,1000600,-1
34199.000000,1,0,100,1000700,-1
34199.000000,1,0,100,1000800,-1
34199.000000,1,0,100,1000900,-1
34199.000000,1,0,100,1001000,-1
34200.000000,4,0,0,1000000,1
34201.928428,4,0,0,1000052,1
34210.157917,4,0,0,1000399,1
34210.361501,4,0,0,1000358,1
34210.905964,4,0,0,1000326,1
34215.227068,4,0,0,1000219,1
34218.834219,4,0,0,1000411,1
34221.428197,4,0,0,1000421,1
34223.381218,4,0,0,1000541,1
34228.038066,4,0,0,1000739,1
34230.793761,4,0,0,1000821,1
34237.157660,4,0,0,1000943,1
34240.646519,4,0,0,1000920,1
34244.780199,4,0,0,1001007,1
34249.735330,4,0,0,1001075,1
34271.856465,4,0,0,1001273,1
34280.049438,4,0,0,1001413,1
34282.597526,4,0,0,1001327,1
34292.585979,4,0,0,1001338,1
34300.883607,4,0,0,1001317,1
34301.151356,4,0,0,1001330,1
34307.212924,4,0,0,1001413,1
34314.958197,4,0,0,1001279,1
34321.331599,4,0,0,1001397,1
34327.234348,4,0,0,1001595,1
34330.955901,4,0,0,1001618,1
34331.593221,4,0,0,1001623,1
34346.706257,4,0,0,1001363,1
34349.174016,4,0,0,1001301,1
34350.343013,4,0,0,1001381,1
34356.381509,4,0,0,1001304,1
34381.004153,4,0,0,1001126,1
34382.415188,4,0,0,1001218,1
34387.733600,4,0,0,1001212,1
34392.101605,4,0,0,1001235,1
34398.141052,4,0,0,1001409,1
34411.382533,4,0,0,1001241,1
34413.455002,4,0,0,1001227,1
34414.853340,4,0,0,1001181,1
34417.314825,4,0,0,1001237,1
34423.875058,4,0,0,1001329,1
34430.029835,4,0,0,1001218,1
34432.520489,4,0,0,1001168,1
34454.245599,4,0,0,1000677,1
34457.107601,4,0,0,1000646,1
34459.345114,4,0,0,1000586,1
34465.256035,4,0,0,1000657,1
34465.667390,4,0,0,1000686,1
34468.096192,4,0,0,1000650,1
34475.139587,4,0,0,1000766,1
34482.056776,4,0,0,1000798,1
34483.652716,4,0,0,1000824,1
34484.657262,4,0,0,1000766,1
34487.703276,4,0,0,1000549,1
34489.651970,4,0,0,1000505,1
34495.995155,4,0,0,1000596,1
34496.997135,4,0,0,1000622,1
34498.919301,4,0,0,1000565,1
34507.807064,4,0,0,1000624,1
34512.369930,4,0,0,1000589,1
34522.719213,4,0,0,1000608,1
34540.658618,4,0,0,1000373,1
34549.326883,4,0,0,1000327,1
34550.280288,4,0,0,1000283,1
34554.885387,4,0,0,1000335,1
34557.975520,4,0,0,1000222,1
34560.450497,4,0,0,1000282,1
34566.924266,4,0,0,1000283,1
34575.281219,4,0,0,1000173,1
34580.776206,4,0,0,1000320,1
34581.493092,4,0,0,1000267,1
34587.293308,4,0,0,1000306,1
34587.583164,4,0,0,1000335,1
34588.606166,4,0,0,1000286,1
34600.974517,4,0,0,1000322,1
34603.457087,4,0,0,1000249,1
34604.224329,4,0,0,1000277,1
34609.705112,4,0,0,1000212,1
34610.558415,4,0,0,1000211,1
34615.552388,4,0,0,1000300,1
34616.937807,4,0,0,1000276,1
34617.139790,4,0,0,1000314,1
34632.375754,4,0,0,1000729,1
34632.703255,4,0,0,1000761,1
34636.141836,4,0,0,1000718,1
34638.137399,4,0,0,1000673,1
34643.294247,4,0,0,1000627,1
34652.188118,4,0,0,1000378,1
34656.614418,4,0,0,1000424,1
34660.843882,4,0,0,1000359,1
34661.438837,4,0,0,1000379,1
34667.363305,4,0,0,1000439,1
34668.457034,4,0,0,1000507,1
34671.679070,4,0,0,1000513,1
34671.857342,4,0,0,1000501,1
34673.668607,4,0,0,1000532,1
34683.171230,4,0,0,1000556,1
34687.078887,4,0,0,1000623,1
34690.860911,4,0,0,1000698,1
34693.052964,4,0,0,1000653,1
34701.471367,4,0,0,1000648,1
34703.017449,4,0,0,1000781,1
34703.659327,4,0,0,1000845,1
34707.613922,4,0,0,1000791,1
34709.100847,4,0,0,1000954,1
34716.231700,4,0,0,1000831,1
34717.176836,4,0,0,1000846,1
34724.485654,4,0,0,1000720,1
34728.962048,4,0,0,1000658,1
34729.165893,4,0,0,1000625,1
34733.104053,4,0,0,1000567,1
34738.376561,4,0,0,1000373,1
34751.698294,4,0,0,1000399,1
34759.068130,4,0,0,1000389,1
34765.702854,4,0,0,1000539,1
34768.987988,4,0,0,1000564,1
34769.196742,4,0,0,1000566,1
34777.311009,4,0,0,1000389,1
34777.376578,4,0,0,1000381,1
34781.193882,4,0,0,1000386,1
34785.192583,4,0,0,1000417,1
34785.765314,4,0,0,1000363,1
34786.075217,4,0,0,1000381,1
34790.162201,4,0,0,1000346,1
34793.338659,4,0,0,1000263,1
34795.053286,4,0,0,1000304,1
34795.247397,4,0,0,1000288,1
34800.050498,4,0,0,1000192,1
34800.685150,4,0,0,1000156,1
34800.740951,4,0,0,1000147,1
34802.289121,4,0,0,1000067,1
34804.004593,4,0,0,999982,1
34804.955040,4,0,0,1000031,1
34805.286421,4,0,0,1000017,1
34812.507336,4,0,0,999919,1
34814.955049,4,0,0,999792,1
34816.303570,4,0,0,999811,1
34819.849656,4,0,0,999811,1
34821.256658,4,0,0,999883,1
34830.386098,4,0,0,1000020,1
34833.544181,4,0,0,1000017,1
34838.209021,4,0,0,999999,1
34855.486845,4,0,0,1000049,1
34857.581028,4,0,0,1000036,1
34858.797227,4,0,0,999988,1
34877.198777,4,0,0,999932,1
34881.426629,4,0,0,999898,1
34900.545853,4,0,0,999832,1
34917.099252,4,0,0,1000163,1
34922.936264,4,0,0,1000133,1
34923.029839,4,0,0,1000128,1
34927.565544,4,0,0,1000272,1
34928.937856,4,0,0,1000349,1
34929.600429,4,0,0,1000380,1
34931.780675,4,0,0,1000510,1
34932.847859,4,0,0,1000540,1
34939.800339,4,0,0,1000605,1
34952.805998,4,0,0,1000406,1
34952.933898,4,0,0,1000414,1
34954.347820,4,0,0,1000358,1
34955.827307,4,0,0,1000418,1
34956.561196,4,0,0,1000428,1
34971.026323,4,0,0,1000645,1
34972.386248,4,0,0,1000684,1
34974.491100,4,0,0,1000679,1
34974.730947,4,0,0,1000711,1
34976.031013,4,0,0,1000699,1
34986.279737,4,0,0,1000488,1
35002.227431,4,0,0,1000414,1
35007.328620,4,0,0,1000306,1
35009.012140,4,0,0,1000260,1
35009.304529,4,0,0,1000207,1
35018.856475,4,0,0,1000144,1
35019.662313,4,0,0,1000146,1
35021.163672,4,0,0,1000151,1
35024.961507,4,0,0,1000077,1
35026.351164,4,0,0,1000101,1
35035.252745,4,0,0,1000256,1
35038.587210,4,0,0,1000285,1
35041.756280,4,0,0,1000304,1
35053.020850,4,0,0,1000398,1
35064.819164,4,0,0,1000243,1
35066.141220,4,0,0,1000188,1
35066.231778,4,0,0,1000208,1
35071.535384,4,0,0,1000302,1
35073.043392,4,0,0,1000368,1
35073.112270,4,0,0,1000352,1
35073.600677,4,0,0,1000397,1
35076.194904,4,0,0,1000398,1
35076.808926,4,0,0,1000422,1
35077.918098,4,0,0,1000435,1
35084.450968,4,0,0,1000445,1
35087.358320,4,0,0,1000496,1
35087.934239,4,0,0,1000454,1
35089.093312,4,0,0,1000329,1
35101.821215,4,0,0,1000679,1
35101.859101,4,0,0,1000676,1
35106.767513,4,0,0,1000751,1
35111.713318,4,0,0,1000810,1
35117.163569,4,0,0,1000943,1
35121.289253,4,0,0,1000781,1
35128.626196,4,0,0,1000981,1
35136.872238,4,0,0,1000872,1
35141.847281,4,0,0,1001094,1
35142.793776,4,0,0,1001159,1
35148.986859,4,0,0,1001350,1
35150.588494,4,0,0,1001265,1
35159.392550,4,0,0,1001312,1
35163.428586,4,0,0,1001397,1
35163.854597,4,0,0,1001360,1
35175.415419,4,0,0,1001583,1
35178.382578,4,0,0,1001639,1
35192.067794,4,0,0,1001565,1
35192.265375,4,0,0,1001571,1
35192.808757,4,0,0,1001583,1
35199.545873,4,0,0,1001750,1
35199.749861,4,0,0,1001719,1
35202.621127,4,0,0,1001596,1
35210.715034,4,0,0,1001663,1
35213.312223,4,0,0,1001746,1
35214.319229,4,0,0,1001715,1
35223.181961,4,0,0,1001601,1
35223.724226,4,0,0,1001597,1
35225.348008,4,0,0,1001655,1
35226.517114,4,0,0,1001626,1
35229.500406,4,0,0,1001546,1
35231.340995,4,0,0,1001609,1
35242.803106,4,0,0,1001443,1
35250.164495,4,0,0,1001593,1
35256.012002,4,0,0,1001667,1
35256.732399,4,0,0,1001605,1
35261.255663,4,0,0,1001624,1
35270.371777,4,0,0,1001715,1
35282.675402,4,0,0,1001368,1
35287.863292,4,0,0,1001208,1
35289.295986,4,0,0,1001255,1
35290.845036,4,0,0,1001248,1
35295.668861,4,0,0,1001298,1
35301.829454,4,0,0,1001248,1
35303.572666,4,0,0,1001214,1
35308.988825,4,0,0,1001263,1
35312.364552,4,0,0,1001198,1
35320.817266,4,0,0,1000932,1
35326.313282,4,0,0,1000970,1
35337.828641,4,0,0,1001125,1
35338.439356,4,0,0,1001124,1
35347.191130,4,0,0,1001311,1
35361.348125,4,0,0,1001062,1
35365.422724,4,0,0,1001286,1
35365.442578,4,0,0,1001291,1
35365.605513,4,0,0,1001262,1
35368.147618,4,0,0,1001343,1
35371.077763,4,0,0,1001359,1
35374.181994,4,0,0,1001368,1
35379.649762,4,0,0,1001451,1
35386.370700,4,0,0,1001332,1
35394.588321,4,0,0,1001549,1
35396.620398,4,0,0,1001572,1
35401.182346,4,0,0,1001576,1
35403.567604,4,0,0,1001465,1
35409.744520,4,0,0,1001504,1
35413.706682,4,0,0,1001537,1
35418.024559,4,0,0,1001479,1
35420.369592,4,0,0,1001579,1
35425.180091,4,0,0,1001586,1
35434.851859,4,0,0,1001673,1
35439.893197,4,0,0,1001788,1
35440.551151,4,0,0,1001816,1
35440.995333,4,0,0,1001850,1
35446.404132,4,0,0,1001986,1
35448.504591,4,0,0,1001964,1
35450.311130,4,0,0,1001963,1
35460.864235,4,0,0,1001953,1
35470.397842,4,0,0,1002097,1
35478.228237,4,0,0,1002078,1
35480.341539,4,0,0,1002021,1
35485.235417,4,0,0,1001821,1
35489.601356,4,0,0,1001754,1
35490.885210,4,0,0,1001767,1
35495.143509,4,0,0,1001802,1
35522.921792,4,0,0,1001414,1
35523.179441,4,0,0,1001392,1
35524.475680,4,0,0,1001377,1
35526.397008,4,0,0,1001290,1
35534.112500,4,0,0,1001445,1
35536.915543,4,0,0,1001426,1
35537.225177,4,0,0,1001417,1
35539.056405,4,0,0,1001471,1
35547.540983,4,0,0,1001470,1
35553.951533,4,0,0,1001428,1
35555.514054,4,0,0,1001470,1
35561.747949,4,0,0,1001385,1
35563.589261,4,0,0,1001346,1
35564.380414,4,0,0,1001324,1
35584.416409,4,0,0,1001266,1
35585.866232,4,0,0,1001295,1
35590.350325,4,0,0,1001345,1
35602.281141,4,0,0,1001597,1
35607.204506,4,0,0,1001569,1
35609.864503,4,0,0,1001540,1
35612.284122,4,0,0,1001663,1
35612.523805,4,0,0,1001645,1
35612.928851,4,0,0,1001631,1
35615.792429,4,0,0,1001597,1
35628.006042,4,0,0,1001617,1
35629.276328,4,0,0,1001590,1
35638.986822,4,0,0,1001607,1
35646.831126,4,0,0,1001589,1
35647.745765,4,0,0,1001541,1
35649.535948,4,0,0,1001592,1
35652.209455,4,0,0,1001612,1
35661.582740,4,0,0,1001792,1
35666.389260,4,0,0,1001779,1
35674.715033,4,0,0,1001821,1
35678.000177,4,0,0,1001832,1
35682.174918,4,0,0,1001834,1
35685.066701,4,0,0,1001862,1
35686.494832,4,0,0,1001867,1
35691.099006,4,0,0,1001888,1
35695.193788,4,0,0,1001968,1
35704.851866,4,0,0,1001945,1
35717.206434,4,0,0,1001668,1
35721.286993,4,0,0,1001709,1
35726.948616,4,0,0,1001546,1
35729.328598,4,0,0,1001399,1
35734.722220,4,0,0,1001410,1
35764.963805,4,0,0,1001281,1
35778.442456,4,0,0,1001149,1
35779.170270,4,0,0,1001128,1
35792.474632,4,0,0,1001211,1
35792.663082,4,0,0,1001201,1
35792.785006,4,0,0,1001198,1
35793.720788,4,0,0,1001244,1
35795.460289,4,0,0,1001275,1
35815.455021,4,0,0,1001607,1
35829.187161,4,0,0,1002001,1
35836.088215,4,0,0,1001969,1
35840.752295,4,0,0,1001801,1
35857.338989,4,0,0,1001670,1
35861.406814,4,0,0,1001660,1
35862.553087,4,0,0,1001677,1
35863.237773,4,0,0,1001646,1
35870.134857,4,0,0,1001647,1
35873.716669,4,0,0,1001501,1
35881.844714,4,0,0,1001519,1
35889.393081,4,0,0,1001695,1
35894.695053,4,0,0,1001785,1
35901.862662,4,0,0,1001499,1
35907.432396,4,0,0,1001499,1
35910.108977,4,0,0,1001442,1
35918.583009,4,0,0,1001491,1
35930.416523,4,0,0,1001407,1
35937.598792,4,0,0,1001631,1
35938.027846,4,0,0,1001707,1
35952.316902,4,0,0,1001747,1
35955.416322,4,0,0,1001706,1
35965.775037,4,0,0,1001825,1
35966.199417,4,0,0,1001802,1
35979.508711,4,0,0,1001849,1
35981.316161,4,0,0,1001962,1
35983.928717,4,0,0,1001919,1
35989.455629,4,0,0,1001929,1
35989.910713,4,0,0,1001961,1
35991.025471,4,0,0,1001987,1
35995.206516,4,0,0,1002208,1
35997.532188,4,0,0,1002278,1
35998.069921,4,0,0,1002261,1
35998.118372,4,0,0,1002243,1
36008.943694,4,0,0,1002308,1
36014.214584,4,0,0,1002357,1
36016.085769,4,0,0,1002385,1
36026.468614,4,0,0,1002678,1
36042.806687,4,0,0,1002549,1
36043.213265,4,0,0,1002556,1
36044.655651,4,0,0,1002525,1
36048.261320,4,0,0,1002559,1
36060.373191,4,0,0,1002853,1
36061.641525,4,0,0,1002792,1
36074.732892,4,0,0,1002651,1
36085.793473,4,0,0,1002722,1
36087.766662,4,0,0,1002724,1
36088.986500,4,0,0,1002686,1
36089.954699,4,0,0,1002630,1
36090.224992,4,0,0,1002606,1
36105.164329,4,0,0,1002401,1
36105.923274,4,0,0,1002429,1
36121.050552,4,0,0,1002467,1
36123.030401,4,0,0,1002340,1
36123.322668,4,0,0,1002380,1
36131.499036,4,0,0,1002583,1
36139.274169,4,0,0,1002274,1
36142.249057,4,0,0,1002177,1
36149.323296,4,0,0,1002052,1
36155.927260,4,0,0,1002046,1
36158.790940,4,0,0,1002117,1
36160.383624,4,0,0,1002127,1
36161.118415,4,0,0,1002083,1
36172.632848,4,0,0,1001743,1
36173.026768,4,0,0,1001773,1
36179.209173,4,0,0,1001886,1
36179.595710,4,0,0,1001934,1
36184.894472,4,0,0,1001864,1
36185.191730,4,0,0,1001840,1
36185.755501,4,0,0,1001819,1
36188.838651,4,0,0,1001963,1
36189.242195,4,0,0,1001956,1
36189.397424,4,0,0,1001952,1
36194.275838,4,0,0,1002032,1
36205.056918,4,0,0,1002250,1
36208.212494,4,0,0,1002187,1
36216.902848,4,0,0,1002186,1
36222.803226,4,0,0,1002052,1
36235.726001,4,0,0,1001653,1
36253.237238,4,0,0,1001984,1
36257.477637,4,0,0,1002053,1
36271.436037,4,0,0,1002158,1
36277.276962,4,0,0,1002342,1
36280.263886,4,0,0,1002283,1
36292.048520,4,0,0,1001998,1
36296.190567,4,0,0,1001973,1
36297.497344,4,0,0,1002058,1
36299.856171,4,0,0,1002137,1
36302.477437,4,0,0,1002109,1
36303.334008,4,0,0,1002142,1
36303.455026,4,0,0,1002146,1
36303.713366,4,0,0,1002133,1
36309.135524,4,0,0,1002033,1
36310.535408,4,0,0,1001968,1
36311.323819,4,0,0,1001988,1
36312.376025,4,0,0,1002001,1
36320.527390,4,0,0,1001970,1
36331.155328,4,0,0,1001853,1
36334.050676,4,0,0,1001825,1
36340.505200,4,0,0,1001713,1
36344.595639,4,0,0,1001708,1
36347.800329,4,0,0,1001685,1
36352.742598,4,0,0,1001701,1
36366.903192,4,0,0,1001787,1
36374.655052,4,0,0,1001702,1
36377.180613,4,0,0,1001716,1
36378.564728,4,0,0,1001756,1
36378.577286,4,0,0,1001756,1
36380.223002,4,0,0,1001699,1
36398.735841,4,0,0,1001519,1
36401.371762,4,0,0,1001541,1
36405.084441,4,0,0,1001681,1
36405.398902,4,0,0,1001694,1
36406.132141,4,0,0,1001742,1
36426.400170,4,0,0,1001625,1
36430.067784,4,0,0,1001570,1
36431.262539,4,0,0,1001528,1
36436.171825,4,0,0,1001589,1
36442.374968,4,0,0,1001705,1
36445.727699,4,0,0,1001646,1
36447.633624,4,0,0,1001679,1
36453.756082,4,0,0,1001538,1
36454.422865,4,0,0,1001583,1
36460.516067,4,0,0,1001682,1
36463.354183,4,0,0,1001680,1
36466.828485,4,0,0,1001743,1
36471.539918,4,0,0,1001824,1
36480.924085,4,0,0,1001770,1
36482.734467,4,0,0,1001708,1
36488.427962,4,0,0,1001787,1
36489.020501,4,0,0,1001768,1
36491.779805,4,0,0,1001766,1
36497.816637,4,0,0,1001874,1
36508.364034,4,0,0,1001971,1
36512.257502,4,0,0,1002019,1
36517.053930,4,0,0,1001929,1
36520.685781,4,0,0,1001886,1
36522.713838,4,0,0,1001905,1
36531.649097,4,0,0,1001789,1
36535.730798,4,0,0,1001866,1
36537.176214,4,0,0,1001814,1
36544.800790,4,0,0,1001583,1
36553.399286,4,0,0,1001739,1
36556.282086,4,0,0,1001731,1
36561.722822,4,0,0,1001725,1
36562.190822,4,0,0,1001703,1
36568.319679,4,0,0,1001759,1
36570.280375,4,0,0,1001692,1
36570.389361,4,0,0,1001696,1
36576.226552,4,0,0,1001884,1
36580.024859,4,0,0,1001926,1
36588.446360,4,0,0,1001858,1
36589.031491,4,0,0,1001869,1
36612.892773,4,0,0,1001224,1
36614.825072,4,0,0,1001176,1
36615.512475,4,0,0,1001224,1
36615.719442,4,0,0,1001215,1
36617.568918,4,0,0,1001253,1
36618.694997,4,0,0,1001215,1
36622.777440,4,0,0,1001157,1
36637.974704,4,0,0,1001450,1
36639.142766,4,0,0,1001471,1
36641.050795,4,0,0,1001417,1
36642.529753,4,0,0,1001408,1
36644.041034,4,0,0,1001415,1
36649.594683,4,0,0,1001379,1
36660.287715,4,0,0,1001314,1
36664.483000,4,0,0,1001144,1
36666.930142,4,0,0,1000961,1
36669.581572,4,0,0,1000905,1
36673.430268,4,0,0,1000950,1
36675.172667,4,0,0,1000952,1
36676.597074,4,0,0,1001007,1
36688.102738,4,0,0,1000771,1
36691.527255,4,0,0,1000803,1
36692.136054,4,0,0,1000823,1
36696.176749,4,0,0,1000813,1
36697.551643,4,0,0,1000789,1
36697.577501,4,0,0,1000778,1
36701.635110,4,0,0,1000734,1
36703.754933,4,0,0,1000879,1
36709.250719,4,0,0,1000873,1
36713.800820,4,0,0,1000640,1
36714.712930,4,0,0,1000720,1
36716.427131,4,0,0,1000587,1
36722.441906,4,0,0,1000547,1
36725.134584,4,0,0,1000479,1
36725.826275,4,0,0,1000479,1
36726.739766,4,0,0,1000516,1
36732.922436,4,0,0,1000454,1
36737.603824,4,0,0,1000687,1
36741.478458,4,0,0,1000815,1
36741.752832,4,0,0,1000786,1
36744.103682,4,0,0,1000747,1
36746.924405,4,0,0,1000856,1
36751.120795,4,0,0,1000778,1
36756.813845,4,0,0,1000937,1
36762.862660,4,0,0,1000845,1
36767.147771,4,0,0,1001121,1
36768.656821,4,0,0,1001144,1
36771.165225,4,0,0,1001126,1
36778.308908,4,0,0,1001023,1
36781.303907,4,0,0,1001165,1
36783.777080,4,0,0,1001069,1
36792.991896,4,0,0,1001250,1
36818.411158,4,0,0,1001524,1
36821.016406,4,0,0,1001521,1
36825.823421,4,0,0,1001474,1
36837.402702,4,0,0,1001629,1
36838.204749,4,0,0,1001616,1
36839.849884,4,0,0,1001715,1
36844.830759,4,0,0,1001725,1
36845.769865,4,0,0,1001676,1
36847.340800,4,0,0,1001726,1
36860.495591,4,0,0,1001983,1
36862.303289,4,0,0,1002024,1
36862.786025,4,0,0,1002012,1
36866.092868,4,0,0,1001966,1
36866.470794,4,0,0,1002005,1
36867.852154,4,0,0,1002051,1
36882.693677,4,0,0,1001919,1
36891.499278,4,0,0,1001769,1
36892.268985,4,0,0,1001730,1
36893.619939,4,0,0,1001767,1
36893.889129,4,0,0,1001728,1
36894.954786,4,0,0,1001762,1
36902.868535,4,0,0,1001690,1
36914.645983,4,0,0,1001699,1
36919.333978,4,0,0,1001685,1
36919.760998,4,0,0,1001734,1
36923.086653,4,0,0,1001659,1
36928.349604,4,0,0,1001604,1
36928.888213,4,0,0,1001588,1
36933.060143,4,0,0,1001491,1
36939.795595,4,0,0,1001354,1
36942.124110,4,0,0,1001375,1
36950.472529,4,0,0,1001381,1
36951.361873,4,0,0,1001434,1
36952.826416,4,0,0,1001523,1
36960.639523,4,0,0,1001583,1
36966.154346,4,0,0,1001721,1
36973.435477,4,0,0,1001523,1
36974.376179,4,0,0,1001600,1
36989.033233,4,0,0,1001719,1
36989.964100,4,0,0,1001648,1
36995.670639,4,0,0,1001620,1
36997.434212,4,0,0,1001570,1
37000.835826,4,0,0,1001690,1
37012.590664,4,0,0,1001996,1
37019.779618,4,0,0,1001991,1
37026.387630,4,0,0,1001969,1
37026.949173,4,0,0,1001960,1
37038.633772,4,0,0,1002016,1
37049.789526,4,0,0,1002232,1
37069.590137,4,0,0,1002233,1
37070.163389,4,0,0,1002265,1
37072.470056,4,0,0,1002252,1
37074.006974,4,0,0,1002242,1
37083.034273,4,0,0,1002357,1
37093.999780,4,0,0,1002396,1
37097.362927,4,0,0,1002427,1
37098.558438,4,0,0,1002333,1
37098.794832,4,0,0,1002355,1
37108.968247,4,0,0,1002467,1
37123.138602,4,0,0,1002277,1
37129.855352,4,0,0,1002167,1
37138.159076,4,0,0,1002247,1
37139.939705,4,0,0,1002308,1
37140.599835,4,0,0,1002278,1
37141.107823,4,0,0,1002305,1
37146.435886,4,0,0,1002322,1
37147.167255,4,0,0,1002370,1
37159.425192,4,0,0,1002146,1
37160.767985,4,0,0,1002097,1
37167.357626,4,0,0,1002236,1
37171.871315,4,0,0,1002313,1
37173.892980,4,0,0,1002267,1
37178.661429,4,0,0,1002256,1
37178.747925,4,0,0,1002218,1
37185.659154,4,0,0,1002215,1
37186.561183,4,0,0,1002248,1
37191.091659,4,0,0,1002441,1
37191.689720,4,0,0,1002429,1
37195.728303,4,0,0,1002584,1
37202.052081,4,0,0,1002360,1
37209.664204,4,0,0,1002261,1
37210.364389,4,0,0,1002276,1
37213.461213,4,0,0,1002173,1
37215.991705,4,0,0,1002260,1
37218.426196,4,0,0,1002234,1
37226.914882,4,0,0,1001965,1
37227.908662,4,0,0,1001974,1
37234.760585,4,0,0,1002048,1
37241.122905,4,0,0,1002001,1
37243.746794,4,0,0,1001816,1
37244.451339,4,0,0,1001784,1
37250.278276,4,0,0,1001779,1
37260.219853,4,0,0,1001833,1
37261.144400,4,0,0,1001773,1
37261.742217,4,0,0,1001758,1
37262.872627,4,0,0,1001744,1
37265.673939,4,0,0,1001694,1
37268.623514,4,0,0,1001724,1
37275.384431,4,0,0,1001828,1
37276.241982,4,0,0,1001801,1
37287.227368,4,0,0,1001894,1
37290.752650,4,0,0,1001780,1
37292.318928,4,0,0,1001835,1
37292.428980,4,0,0,1001842,1
37296.643439,4,0,0,1001843,1
37297.721368,4,0,0,1001794,1
37300.505994,4,0,0,1001705,1
37315.986191,4,0,0,1001872,1
37317.067281,4,0,0,1001819,1
37319.619810,4,0,0,1001828,1
37328.492662,4,0,0,1002076,1
37328.624556,4,0,0,1002052,1
37333.939753,4,0,0,1001908,1
37336.935079,4,0,0,1001926,1
37338.941633,4,0,0,1001900,1
37342.254678,4,0,0,1001779,1
37344.959395,4,0,0,1001847,1
37348.857379,4,0,0,1001759,1
37349.404235,4,0,0,1001686,1
37351.500517,4,0,0,1001642,1
37364.202605,4,0,0,1001666,1
37367.553099,4,0,0,1001687,1
37372.456238,4,0,0,1001571,1
37375.496655,4,0,0,1001483,1
37391.936772,4,0,0,1001259,1
37392.528276,4,0,0,1001253,1
37394.591642,4,0,0,1001242,1
37400.041248,4,0,0,1000961,1
37407.398237,4,0,0,1000888,1
37409.821715,4,0,0,1000901,1
37416.274884,4,0,0,1000845,1
37418.503761,4,0,0,1000762,1
37418.994651,4,0,0,1000782,1
37419.076473,4,0,0,1000781,1
37419.806773,4,0,0,1000792,1
37440.592456,4,0,0,1000959,1
37441.611747,4,0,0,1000994,1
37441.650152,4,0,0,1000993,1
37445.667082,4,0,0,1000927,1
37448.814015,4,0,0,1000934,1
37450.504673,4,0,0,1000839,1
37463.257646,4,0,0,1001062,1
37469.041522,4,0,0,1000851,1
37471.597877,4,0,0,1000854,1
37471.712421,4,0,0,1000848,1
37477.322006,4,0,0,1000729,1
37482.664308,4,0,0,1000697,1
37484.632727,4,0,0,1000638,1
37501.779225,4,0,0,1000639,1
37513.923098,4,0,0,1000759,1
37517.260605,4,0,0,1000820,1
37526.221076,4,0,0,1000686,1
37535.354095,4,0,0,1000800,1
37537.556585,4,0,0,1000846,1
37561.273526,4,0,0,1000742,1
37563.630979,4,0,0,1000646,1
37570.466032,4,0,0,1000450,1
37573.374666,4,0,0,1000446,1
37573.957240,4,0,0,1000467,1
37577.884971,4,0,0,1000449,1
37583.754329,4,0,0,1000608,1
37588.279089,4,0,0,1000644,1
37589.976245,4,0,0,1000695,1
37600.451912,4,0,0,1000449,1
37607.978197,4,0,0,1000345,1
37610.414518,4,0,0,1000290,1
37611.953584,4,0,0,1000242,1
37620.173836,4,0,0,1000103,1
37621.669112,4,0,0,1000106,1
37623.110670,4,0,0,1000079,1
37624.602128,4,0,0,1000059,1
37629.058250,4,0,0,999933,1
37630.593117,4,0,0,999971,1
37639.934392,4,0,0,1000028,1
37641.528903,4,0,0,1000032,1
37655.559560,4,0,0,999731,1
37657.934100,4,0,0,999849,1
37663.929877,4,0,0,999701,1
37664.855413,4,0,0,999676,1
37665.779305,4,0,0,999663,1
37667.232683,4,0,0,999678,1
37668.833070,4,0,0,999498,1
37674.092346,4,0,0,999454,1
37689.140294,4,0,0,999593,1
37694.318410,4,0,0,999540,1
37698.985657,4,0,0,999518,1
37716.866645,4,0,0,999249,1
37718.650962,4,0,0,999224,1
37726.257310,4,0,0,999041,1
37730.878169,4,0,0,999279,1
37735.546067,4,0,0,999286,1
37737.930537,4,0,0,999381,1
37756.054178,4,0,0,999188,1
37757.870360,4,0,0,999191,1
37759.354667,4,0,0,999204,1
37763.963894,4,0,0,999200,1
37764.335709,4,0,0,999228,1
37766.754739,4,0,0,999202,1
37771.202348,4,0,0,999014,1
37775.298829,4,0,0,998979,1
37785.921588,4,0,0,998519,1
37796.824350,4,0,0,998579,1
37797.079966,4,0,0,998591,1
37803.153395,4,0,0,998614,1
37815.617358,4,0,0,998793,1
37817.304159,4,0,0,998784,1
37817.871544,4,0,0,998764,1
37827.034736,4,0,0,998840,1
37830.679196,4,0,0,998929,1
37838.416233,4,0,0,998988,1
37841.252380,4,0,0,999073,1
37852.685422,4,0,0,999148,1
37864.046862,4,0,0,998874,1
37866.816893,4,0,0,998657,1
37875.846361,4,0,0,998744,1
37883.726660,4,0,0,998939,1
37888.053696,4,0,0,998919,1
37889.937197,4,0,0,998992,1
37891.279249,4,0,0,999016,1
37897.689488,4,0,0,999145,1
37904.447456,4,0,0,999284,1
37904.544213,4,0,0,999268,1
37911.226576,4,0,0,999207,1
37912.328197,4,0,0,999247,1
37913.977341,4,0,0,999268,1
37921.313239,4,0,0,999103,1
37925.933521,4,0,0,999095,1
37937.347113,4,0,0,999162,1
37949.253460,4,0,0,999115,1
37950.049384,4,0,0,999121,1
37951.907455,4,0,0,999031,1
37957.358863,4,0,0,998785,1
37963.898917,4,0,0,998639,1
37965.798062,4,0,0,998633,1
37967.278700,4,0,0,998589,1
37975.271321,4,0,0,998737,1
37975.271485,4,0,0,998738,1
37985.060335,4,0,0,999028,1
37987.509396,4,0,0,999053,1
37990.814490,4,0,0,999026,1
38004.009553,4,0,0,999302,1
38007.706757,4,0,0,999256,1
38010.746932,4,0,0,999236,1
38016.483822,4,0,0,999293,1
38018.992459,4,0,0,999325,1
38023.232524,4,0,0,999445,1
38029.621136,4,0,0,999549,1
38030.312644,4,0,0,999506,1
38035.911311,4,0,0,999473,1
38037.716434,4,0,0,999404,1
38039.248511,4,0,0,999470,1
38042.235781,4,0,0,999390,1
38043.292488,4,0,0,999315,1
38055.867246,4,0,0,999182,1
38068.066050,4,0,0,999052,1
38072.947083,4,0,0,998922,1
38075.080630,4,0,0,998875,1
38078.222663,4,0,0,998843,1
38081.716268,4,0,0,998872,1
38082.033304,4,0,0,998864,1
38083.032303,4,0,0,998798,1
38087.571289,4,0,0,998877,1
38088.898505,4,0,0,998895,1
38089.393230,4,0,0,998916,1
38096.256333,4,0,0,998854,1
38096.981028,4,0,0,998786,1
38097.362608,4,0,0,998813,1
38110.220733,4,0,0,998814,1
38111.892039,4,0,0,998919,1
38120.157137,4,0,0,998960,1
38121.363463,4,0,0,998941,1
38126.510292,4,0,0,998924,1
38131.625028,4,0,0,999015,1
38140.789876,4,0,0,998998,1
38141.258254,4,0,0,998983,1
38144.892840,4,0,0,998908,1
38150.810762,4,0,0,999058,1
38152.375957,4,0,0,999045,1
38156.339361,4,0,0,999082,1
38156.938285,4,0,0,999108,1
38159.467034,4,0,0,999184,1
38164.100869,4,0,0,999125,1
38168.199711,4,0,0,999165,1
38169.038814,4,0,0,999102,1
38170.019101,4,0,0,999037,1
38172.640710,4,0,0,999092,1
38172.864368,4,0,0,999090,1
38185.775523,4,0,0,998686,1
38186.045778,4,0,0,998684,1
38193.737139,4,0,0,998887,1
38211.746940,4,0,0,999074,1
38218.253966,4,0,0,998927,1
38219.707211,4,0,0,998928,1
38226.406859,4,0,0,998941,1
38229.283520,4,0,0,998999,1
38231.205210,4,0,0,998919,1
38241.063461,4,0,0,998933,1
38248.911905,4,0,0,998953,1
38250.507290,4,0,0,998930,1
38252.052251,4,0,0,998874,1
38254.869293,4,0,0,998923,1
38255.453873,4,0,0,998916,1
38257.696900,4,0,0,998935,1
38260.949121,4,0,0,998718,1
38266.364286,4,0,0,998671,1
38266.698128,4,0,0,998661,1
38267.534006,4,0,0,998636,1
38269.813804,4,0,0,998621,1
38272.841977,4,0,0,998600,1
38288.046475,4,0,0,998624,1
38298.655907,4,0,0,998819,1
38303.404034,4,0,0,998825,1
38311.293304,4,0,0,998630,1
38311.377524,4,0,0,998644,1
38313.880300,4,0,0,998618,1
38326.372442,4,0,0,998745,1
38330.590777,4,0,0,998685,1
38330.853970,4,0,0,998685,1
38335.613386,4,0,0,998569,1
38337.743836,4,0,0,998633,1
38341.165452,4,0,0,998472,1
38342.596614,4,0,0,998407,1
38343.312276,4,0,0,998406,1
38345.477426,4,0,0,998539,1
38345.969108,4,0,0,998576,1
38348.303949,4,0,0,998706,1
38360.900798,4,0,0,998526,1
38364.718017,4,0,0,998503,1
38365.888609,4,0,0,998467,1
38372.312943,4,0,0,998385,1
38378.667636,4,0,0,998450,1
38386.308679,4,0,0,998507,1
38391.771795,4,0,0,998514,1
38410.232809,4,0,0,998567,1
38411.160342,4,0,0,998622,1
38413.726298,4,0,0,998806,1
38417.000837,4,0,0,998835,1
38418.087434,4,0,0,998851,1
38420.395976,4,0,0,998802,1
38434.034954,4,0,0,998719,1
38438.209001,4,0,0,998734,1
38445.712798,4,0,0,998784,1
38447.300438,4,0,0,998813,1
38451.941515,4,0,0,998867,1
38453.173499,4,0,0,998853,1
38454.346800,4,0,0,998854,1
38470.898178,4,0,0,998688,1
38472.578362,4,0,0,998663,1
38473.801966,4,0,0,998802,1
38475.372490,4,0,0,998847,1
38475.504207,4,0,0,998849,1
38479.512239,4,0,0,998706,1
38480.364630,4,0,0,998646,1
38482.866255,4,0,0,998554,1
38489.266552,4,0,0,998718,1
38498.770876,4,0,0,998838,1
38500.008836,4,0,0,998885,1
38503.462805,4,0,0,998862,1
38503.863110,4,0,0,998857,1
38504.510207,4,0,0,998833,1
38506.813792,4,0,0,998918,1
38511.898841,4,0,0,998982,1
38513.616136,4,0,0,998881,1
38514.040560,4,0,0,998942,1
38516.767007,4,0,0,998828,1
38520.138017,4,0,0,998743,1
38530.221610,4,0,0,998513,1
38532.062283,4,0,0,998522,1
38533.906172,4,0,0,998497,1
38534.221979,4,0,0,998491,1
38536.712713,4,0,0,998566,1
38537.684055,4,0,0,998695,1
38541.848171,4,0,0,998664,1
38544.724619,4,0,0,998732,1
38545.872628,4,0,0,998723,1
38545.953671,4,0,0,998757,1
38568.793820,4,0,0,998844,1
38586.681120,4,0,0,998803,1
38587.296114,4,0,0,998736,1
38597.298963,4,0,0,998704,1
38618.646901,4,0,0,998621,1
38620.027799,4,0,0,998547,1
38628.747256,4,0,0,998718,1
38632.276734,4,0,0,998541,1
38635.836058,4,0,0,998561,1
38636.278757,4,0,0,998579,1
38639.172383,4,0,0,998791,1
38661.849664,4,0,0,998841,1
38662.531204,4,0,0,998914,1
38671.837886,4,0,0,999095,1
38682.055524,4,0,0,998835,1
38682.483390,4,0,0,998862,1
38688.509192,4,0,0,998887,1
38688.562262,4,0,0,998922,1
38690.743428,4,0,0,998893,1
38700.637048,4,0,0,998845,1
38710.959513,4,0,0,998659,1
38728.345068,4,0,0,998400,1
38731.267481,4,0,0,998415,1
38732.848930,4,0,0,998383,1
38736.244808,4,0,0,998374,1
38738.960448,4,0,0,998416,1
38744.181373,4,0,0,998600,1
38757.360680,4,0,0,998600,1
38760.206902,4,0,0,998702,1
38770.353150,4,0,0,998509,1
38778.352063,4,0,0,998294,1
38779.365085,4,0,0,998331,1
38784.533287,4,0,0,998376,1
38793.505946,4,0,0,998330,1
38798.560545,4,0,0,998462,1
38807.112976,4,0,0,998387,1
38810.047220,4,0,0,998358,1
38813.121644,4,0,0,998308,1
38819.944986,4,0,0,998306,1
38824.419874,4,0,0,998167,1
38834.069360,4,0,0,998144,1
38836.824543,4,0,0,997884,1
38845.576560,4,0,0,997855,1
38850.407868,4,0,0,997816,1
38852.137298,4,0,0,997793,1
38858.164002,4,0,0,997943,1
38867.324749,4,0,0,997985,1
38868.960816,4,0,0,998003,1
38869.866218,4,0,0,997920,1
38874.145637,4,0,0,997971,1
38891.271483,4,0,0,997781,1
38893.947566,4,0,0,997681,1
38894.353383,4,0,0,997731,1
38895.273769,4,0,0,997678,1
38901.734164,4,0,0,997803,1
38902.101933,4,0,0,997785,1
38904.603004,4,0,0,997873,1
38907.395650,4,0,0,997797,1
38918.938054,4,0,0,997697,1
38919.209928,4,0,0,997697,1
38919.365139,4,0,0,997715,1
38930.627368,4,0,0,997487,1
38933.669417,4,0,0,997353,1
38934.392477,4,0,0,997391,1
38941.553181,4,0,0,997371,1
38943.350168,4,0,0,997274,1
38948.193273,4,0,0,997445,1
38952.313707,4,0,0,997691,1
38953.282052,4,0,0,997606,1
38962.601154,4,0,0,997424,1
38965.244873,4,0,0,997504,1
38971.860300,4,0,0,997608,1
38984.382225,4,0,0,997321,1
38986.204334,4,0,0,997346,1
38994.339925,4,0,0,997354,1
38998.873269,4,0,0,997301,1
39000.276182,4,0,0,997258,1
39006.032900,4,0,0,997280,1
39006.695343,4,0,0,997366,1
39009.205467,4,0,0,997280,1
39009.689487,4,0,0,997288,1
39010.475554,4,0,0,997282,1
39012.207451,4,0,0,997218,1
39018.516692,4,0,0,997195,1
39019.210578,4,0,0,997146,1
39033.565277,4,0,0,996948,1
39035.880695,4,0,0,997030,1
39037.368211,4,0,0,996942,1
39038.641204,4,0,0,996971,1
39040.589727,4,0,0,997016,1
39042.228953,4,0,0,997037,1
39042.817270,4,0,0,997076,1
39043.848633,4,0,0,997073,1
39053.577605,4,0,0,996949,1
39058.434412,4,0,0,996777,1
39059.859147,4,0,0,996733,1
39070.726529,4,0,0,996801,1
39076.563700,4,0,0,996823,1
39078.732606,4,0,0,996979,1
39097.934278,4,0,0,997138,1
39099.385100,4,0,0,997035,1
39102.097577,4,0,0,997049,1
39105.516268,4,0,0,997145,1
39117.158640,4,0,0,997073,1
39120.940231,4,0,0,997024,1
39127.535258,4,0,0,997281,1
39128.138470,4,0,0,997243,1
39137.798364,4,0,0,997368,1
39154.801392,4,0,0,997342,1
39165.275338,4,0,0,997409,1
39166.388345,4,0,0,997418,1
39179.682120,4,0,0,997513,1
39181.486244,4,0,0,997497,1
39181.749560,4,0,0,997478,1
39182.013893,4,0,0,997447,1
39199.567433,4,0,0,997307,1
39202.434612,4,0,0,997394,1
39214.424274,4,0,0,997296,1
39214.601910,4,0,0,997317,1
39221.381237,4,0,0,997277,1
39222.085250,4,0,0,997239,1
39223.839352,4,0,0,997285,1
39226.685797,4,0,0,997176,1
39235.195451,4,0,0,997109,1
39245.084223,4,0,0,997032,1
39251.079360,4,0,0,997111,1
39252.952306,4,0,0,997176,1
39261.254019,4,0,0,997060,1
39262.404873,4,0,0,997007,1
39266.613493,4,0,0,997065,1
39266.756624,4,0,0,997069,1
39276.831104,4,0,0,997185,1
39281.664428,4,0,0,997027,1
39282.992433,4,0,0,997049,1
39285.096891,4,0,0,997095,1
39288.367457,4,0,0,997001,1
39295.844907,4,0,0,997167,1
39299.038497,4,0,0,996972,1
39304.208009,4,0,0,996931,1
39304.242376,4,0,0,996922,1
39305.744631,4,0,0,997024,1
39311.269656,4,0,0,997077,1
39337.283800,4,0,0,996921,1
39341.097493,4,0,0,996954,1
39342.324507,4,0,0,997063,1
39347.539080,4,0,0,997142,1
39359.057810,4,0,0,997079,1
39366.244211,4,0,0,997220,1
39366.917233,4,0,0,997173,1
39368.969964,4,0,0,997191,1
39371.139205,4,0,0,997192,1
39384.168110,4,0,0,997078,1
39386.493538,4,0,0,997001,1
39389.932810,4,0,0,996917,1
39392.099809,4,0,0,996804,1
39411.259838,4,0,0,996965,1
39412.280130,4,0,0,996900,1
39413.048768,4,0,0,996843,1
39415.065641,4,0,0,996894,1
39415.394450,4,0,0,996896,1
39421.870681,4,0,0,996864,1
39422.231976,4,0,0,996846,1
39430.124490,4,0,0,996694,1
39444.888047,4,0,0,996890,1
39448.403536,4,0,0,996853,1
39457.342889,4,0,0,996956,1
39462.247068,4,0,0,996924,1
39463.922215,4,0,0,996933,1
39471.533361,4,0,0,996912,1
39487.480047,4,0,0,996921,1
39498.016589,4,0,0,996608,1
39499.910689,4,0,0,996644,1
39503.145559,4,0,0,996742,1
39503.335486,4,0,0,996750,1
39509.093161,4,0,0,996694,1
39510.534250,4,0,0,996735,1
39513.036528,4,0,0,996670,1
39515.113129,4,0,0,996637,1
39515.595267,4,0,0,996632,1
39516.126236,4,0,0,996622,1
39522.222627,4,0,0,996727,1
39525.513946,4,0,0,996732,1
39530.584414,4,0,0,996842,1
39534.907152,4,0,0,997035,1
39537.452486,4,0,0,996914,1
39538.099269,4,0,0,996890,1
39539.256938,4,0,0,996856,1
39540.396145,4,0,0,996894,1
39547.647925,4,0,0,996912,1
39556.655240,4,0,0,996806,1
39574.820672,4,0,0,996691,1
39579.378003,4,0,0,996607,1
39583.582698,4,0,0,996641,1
39587.313233,4,0,0,996700,1
39595.766692,4,0,0,996378,1
39604.600011,4,0,0,996473,1
39606.026934,4,0,0,996411,1
39606.762264,4,0,0,996439,1
39620.611128,4,0,0,996251,1
39626.023699,4,0,0,996414,1
39634.608511,4,0,0,996199,1
39642.116714,4,0,0,996296,1
39646.045666,4,0,0,996242,1
39646.100587,4,0,0,996234,1
39647.955427,4,0,0,996300,1
39648.614549,4,0,0,996330,1
39652.172267,4,0,0,996345,1
39656.395051,4,0,0,996298,1
39657.446323,4,0,0,996307,1
39660.948831,4,0,0,996242,1
39667.951574,4,0,0,996285,1
39668.301642,4,0,0,996300,1
39670.318205,4,0,0,996185,1
39672.200828,4,0,0,996251,1
39677.140379,4,0,0,996271,1
39683.529327,4,0,0,996157,1
39685.897725,4,0,0,996232,1
39696.866535,4,0,0,996484,1
39704.796516,4,0,0,996227,1
39705.327583,4,0,0,996221,1
39705.613782,4,0,0,996236,1
39708.043014,4,0,0,996314,1
39708.125445,4,0,0,996306,1
39712.978681,4,0,0,996421,1
39718.038251,4,0,0,996326,1
39725.636384,4,0,0,996281,1
39729.910493,4,0,0,996218,1
39732.558898,4,0,0,996242,1
39734.675477,4,0,0,996288,1
39736.308297,4,0,0,996247,1
39736.460606,4,0,0,996263,1
39736.998200,4,0,0,996241,1
39740.574955,4,0,0,996082,1
39741.659111,4,0,0,996120,1
39743.209390,4,0,0,996085,1
39743.584640,4,0,0,996094,1
39747.587851,4,0,0,996086,1
39751.141266,4,0,0,996031,1
39761.657703,4,0,0,996264,1
39763.772350,4,0,0,996335,1
39768.468160,4,0,0,996206,1
39771.700737,4,0,0,996100,1
39773.520759,4,0,0,996085,1
39787.042983,4,0,0,996153,1
39790.122584,4,0,0,996223,1
39791.595471,4,0,0,996210,1
39799.977509,4,0,0,996293,1
39800.410664,4,0,0,996332,1
39801.427255,4,0,0,996322,1
39813.318084,4,0,0,996477,1
39814.273838,4,0,0,996450,1
39816.823748,4,0,0,996538,1
39826.328859,4,0,0,996538,1
39836.147846,4,0,0,996443,1
39838.389820,4,0,0,996433,1
39842.520175,4,0,0,996447,1
39854.910954,4,0,0,996307,1
39860.320220,4,0,0,996446,1
39863.728581,4,0,0,996363,1
39868.131984,4,0,0,996394,1
39868.205991,4,0,0,996410,1
39868.484903,4,0,0,996435,1
39872.753058,4,0,0,996354,1
39877.526283,4,0,0,996251,1
39881.944500,4,0,0,996344,1
39883.676624,4,0,0,996400,1
39887.512156,4,0,0,996291,1
39890.861692,4,0,0,996212,1
39892.408973,4,0,0,996186,1
39906.487875,4,0,0,996179,1
39906.958638,4,0,0,996125,1
39928.327145,4,0,0,996119,1
39928.459522,4,0,0,996118,1
39929.851913,4,0,0,996139,1
39931.005462,4,0,0,996178,1
39931.630630,4,0,0,996188,1
39933.459802,4,0,0,996099,1
39935.379659,4,0,0,996168,1
39935.687031,4,0,0,996170,1
39940.797721,4,0,0,996209,1
39940.809647,4,0,0,996214,1
39946.099865,4,0,0,996283,1
39961.098327,4,0,0,996249,1
39972.257332,4,0,0,996682,1
39987.402187,4,0,0,996283,1
39989.946168,4,0,0,996162,1
39993.284855,4,0,0,995988,1
40000.103128,4,0,0,995956,1
40002.030805,4,0,0,995901,1
40007.351637,4,0,0,995794,1
40011.826737,4,0,0,995947,1
40013.373275,4,0,0,995958,1
40014.570332,4,0,0,995997,1
40024.628200,4,0,0,996299,1
40026.827828,4,0,0,996294,1
40034.638403,4,0,0,996401,1
40035.213808,4,0,0,996390,1
40036.720665,4,0,0,996448,1
40037.010108,4,0,0,996433,1
40043.452427,4,0,0,996465,1
40044.361070,4,0,0,996533,1
40047.641549,4,0,0,996650,1
40050.565428,4,0,0,996653,1
40053.859786,4,0,0,996694,1
40054.263091,4,0,0,996696,1
40055.757134,4,0,0,996776,1
40063.985414,4,0,0,996731,1
40066.478090,4,0,0,996724,1
40077.635762,4,0,0,997097,1
40078.446862,4,0,0,997172,1
40087.198221,4,0,0,997028,1
40095.991968,4,0,0,996888,1
40099.919492,4,0,0,996946,1
40101.540651,4,0,0,996758,1
40103.107531,4,0,0,996660,1
40105.045209,4,0,0,996552,1
40107.375214,4,0,0,996484,1
40112.567695,4,0,0,996623,1
40114.336659,4,0,0,996656,1
40122.146255,4,0,0,996395,1
40122.608622,4,0,0,996426,1
40134.321956,4,0,0,996189,1
40136.112308,4,0,0,996261,1
40142.367804,4,0,0,996276,1
40145.715138,4,0,0,996210,1
40145.925963,4,0,0,996232,1
40147.571586,4,0,0,996293,1
40152.452797,4,0,0,996202,1
40168.992353,4,0,0,996132,1
40177.145074,4,0,0,996169,1
40205.082827,4,0,0,996547,1
40207.718700,4,0,0,996553,1
40212.253287,4,0,0,996601,1
40214.000793,4,0,0,996641,1
40215.389168,4,0,0,996612,1
40215.461776,4,0,0,996603,1
40216.589900,4,0,0,996549,1
40219.589969,4,0,0,996475,1
40220.665937,4,0,0,996499,1
40233.696637,4,0,0,996768,1
40234.696366,4,0,0,996751,1
40245.603540,4,0,0,997054,1
40260.804356,4,0,0,997265,1
40269.090961,4,0,0,997132,1
40272.950204,4,0,0,997171,1
40276.606202,4,0,0,997030,1
40279.102269,4,0,0,997007,1
40281.282145,4,0,0,996940,1
40287.238379,4,0,0,997014,1
40294.072851,4,0,0,997009,1
40297.924678,4,0,0,996949,1
40299.355206,4,0,0,996857,1
40299.518004,4,0,0,996834,1
40303.157664,4,0,0,996980,1
40303.601646,4,0,0,997074,1
40303.785121,4,0,0,997066,1
40308.095717,4,0,0,996972,1
40308.470058,4,0,0,996964,1
40311.283523,4,0,0,996970,1
40315.738964,4,0,0,996875,1
40317.071551,4,0,0,996879,1
40329.056334,4,0,0,997139,1
40331.680975,4,0,0,997109,1
40332.289516,4,0,0,997144,1
40334.172231,4,0,0,997030,1
40335.918078,4,0,0,997137,1
40337.759568,4,0,0,997011,1
40342.535575,4,0,0,996990,1
40342.976676,4,0,0,997014,1
40351.223606,4,0,0,997198,1
40369.089736,4,0,0,996899,1
40369.346924,4,0,0,996937,1
40377.881451,4,0,0,996950,1
40384.812427,4,0,0,997126,1
40394.232309,4,0,0,997007,1
40398.756738,4,0,0,996976,1
40399.156604,4,0,0,996972,1
40402.098290,4,0,0,996875,1
40409.459912,4,0,0,996870,1
40424.127715,4,0,0,997110,1
40426.586839,4,0,0,997123,1
40428.230819,4,0,0,997069,1
40433.786831,4,0,0,997159,1
40447.406496,4,0,0,997278,1
40451.178320,4,0,0,997365,1
40456.066247,4,0,0,997447,1
40456.709152,4,0,0,997431,1
40456.747398,4,0,0,997424,1
40460.994908,4,0,0,997452,1
40486.722632,4,0,0,997563,1
40490.237051,4,0,0,997678,1
40491.685209,4,0,0,997560,1
40493.768977,4,0,0,997636,1
40502.358076,4,0,0,997686,1
40507.643266,4,0,0,997876,1
40510.546724,4,0,0,997946,1
40516.451837,4,0,0,997886,1
40517.749507,4,0,0,997933,1
40531.687614,4,0,0,997919,1
40533.588310,4,0,0,997853,1
40547.284058,4,0,0,997882,1
40552.230755,4,0,0,998020,1
40552.700136,4,0,0,998007,1
40554.867917,4,0,0,998046,1
40555.016628,4,0,0,998039,1
40561.514797,4,0,0,998006,1
40561.825309,4,0,0,998064,1
40579.710753,4,0,0,997918,1
40581.725772,4,0,0,998090,1
40582.983049,4,0,0,998082,1
40584.844366,4,0,0,998170,1
40592.706712,4,0,0,998296,1
40595.009366,4,0,0,998263,1
40604.405971,4,0,0,998223,1
40610.493568,4,0,0,998153,1
40611.625544,4,0,0,998127,1
40614.027978,4,0,0,998119,1
40615.160254,4,0,0,998192,1
40623.512840,4,0,0,998248,1
40624.758003,4,0,0,998290,1
40626.312233,4,0,0,998372,1
40633.000227,4,0,0,998194,1
40638.343007,4,0,0,998270,1
40639.311678,4,0,0,998269,1
40651.589452,4,0,0,998448,1
40656.090388,4,0,0,998454,1
40660.136922,4,0,0,998253,1
40661.355347,4,0,0,998217,1
40662.454691,4,0,0,998209,1
40667.810260,4,0,0,998020,1
40670.313977,4,0,0,997996,1
40674.133841,4,0,0,997932,1
40674.863122,4,0,0,997941,1
40676.927639,4,0,0,998040,1
40680.862797,4,0,0,998041,1
40687.206586,4,0,0,998042,1
40692.825057,4,0,0,998128,1
40693.361157,4,0,0,998140,1
40697.231388,4,0,0,997971,1
40702.400418,4,0,0,997765,1
40711.238597,4,0,0,997859,1
40713.428687,4,0,0,997839,1
40721.306029,4,0,0,997781,1
40721.307031,4,0,0,997782,1
40725.383027,4,0,0,997898,1
40726.185806,4,0,0,997924,1
40726.438401,4,0,0,997902,1
40729.728055,4,0,0,997956,1
40731.375240,4,0,0,997964,1
40732.870656,4,0,0,998056,1
40737.242661,4,0,0,998214,1
40738.798244,4,0,0,998194,1
40740.844378,4,0,0,998374,1
40742.896528,4,0,0,998374,1
40746.692587,4,0,0,998448,1
40759.957988,4,0,0,998688,1
40760.432400,4,0,0,998679,1
40762.227543,4,0,0,998668,1
40767.839297,4,0,0,998764,1
40769.433762,4,0,0,998777,1
40779.040345,4,0,0,998889,1
40780.570482,4,0,0,998899,1
40781.447572,4,0,0,998894,1
40781.999383,4,0,0,998882,1
40787.638168,4,0,0,999049,1
40787.902953,4,0,0,999055,1
40791.417824,4,0,0,999134,1
40791.439704,4,0,0,999130,1
40795.201083,4,0,0,999138,1
40797.091317,4,0,0,999025,1
40801.694522,4,0,0,999020,1
40810.510170,4,0,0,998924,1
40819.194838,4,0,0,998725,1
40820.544827,4,0,0,998687,1
40822.283002,4,0,0,998777,1
40823.078252,4,0,0,998856,1
40843.856326,4,0,0,998755,1
40844.439650,4,0,0,998709,1
40844.689182,4,0,0,998733,1
40860.429400,4,0,0,998590,1
40860.791793,4,0,0,998610,1
40862.265458,4,0,0,998613,1
40862.513038,4,0,0,998623,1
40874.779445,4,0,0,998775,1
40878.280597,4,0,0,998596,1
40890.510502,4,0,0,998529,1
40895.551044,4,0,0,998344,1
40899.681408,4,0,0,998210,1
40902.181792,4,0,0,998296,1
40903.640817,4,0,0,998312,1
40911.199274,4,0,0,998345,1
40912.450161,4,0,0,998316,1
40912.794353,4,0,0,998306,1
40916.782097,4,0,0,998285,1
40917.756194,4,0,0,998299,1
40919.279102,4,0,0,998245,1
40930.030976,4,0,0,998602,1
40935.979410,4,0,0,998451,1
40936.491863,4,0,0,998448,1
40947.663569,4,0,0,998140,1
40958.991115,4,0,0,998268,1
40972.267558,4,0,0,998314,1
40975.907087,4,0,0,998476,1
40978.158745,4,0,0,998495,1
40986.940829,4,0,0,998547,1
40999.923503,4,0,0,998116,1
41007.797988,4,0,0,998306,1
41021.466425,4,0,0,997973,1
41021.896759,4,0,0,997968,1
41021.973506,4,0,0,997962,1
41027.389850,4,0,0,998034,1
41028.483721,4,0,0,998097,1
41034.035913,4,0,0,998024,1
41036.130621,4,0,0,998115,1
41040.537824,4,0,0,998196,1
41042.037935,4,0,0,998359,1
41043.052305,4,0,0,998462,1
41044.283856,4,0,0,998538,1
41050.256252,4,0,0,998570,1
41057.403312,4,0,0,998502,1
41057.625210,4,0,0,998475,1
41062.222872,4,0,0,998611,1
41094.037213,4,0,0,998373,1
41106.251946,4,0,0,998794,1
41106.614719,4,0,0,998772,1
41110.918525,4,0,0,998814,1
41121.856165,4,0,0,998784,1
41128.161979,4,0,0,998716,1
41132.570357,4,0,0,998650,1
41134.423191,4,0,0,998689,1
41134.956686,4,0,0,998691,1
41138.879524,4,0,0,998665,1
41144.533338,4,0,0,998600,1
41149.226463,4,0,0,998581,1
41150.955253,4,0,0,998533,1
41171.032305,4,0,0,998921,1
41174.171912,4,0,0,998862,1
41175.831632,4,0,0,998809,1
41183.935198,4,0,0,998928,1
41189.384861,4,0,0,998769,1
41197.291712,4,0,0,998870,1
41199.166790,4,0,0,998869,1
41201.205252,4,0,0,998766,1
41201.879246,4,0,0,998744,1
41201.910819,4,0,0,998748,1
41201.968901,4,0,0,998745,1
41213.132827,4,0,0,998619,1
41222.918573,4,0,0,998846,1
41228.304361,4,0,0,999057,1
41228.777385,4,0,0,999041,1
41229.847153,4,0,0,999112,1
41237.056276,4,0,0,998967,1
41237.083358,4,0,0,998965,1
41242.292247,4,0,0,998900,1
41242.376230,4,0,0,998909,1
41247.814774,4,0,0,999072,1
41249.259537,4,0,0,999145,1
41257.149320,4,0,0,999061,1
41261.310771,4,0,0,999065,1
41263.033320,4,0,0,999086,1
41268.680694,4,0,0,999104,1
41269.143341,4,0,0,999127,1
41269.404335,4,0,0,999138,1
41272.000710,4,0,0,999153,1
41276.891678,4,0,0,999172,1
41282.669044,4,0,0,999248,1
41302.238380,4,0,0,999530,1
41303.317187,4,0,0,999552,1
41305.248055,4,0,0,999482,1
41307.166429,4,0,0,999530,1
41307.646497,4,0,0,999467,1
41308.592508,4,0,0,999509,1
41309.458578,4,0,0,999522,1
41309.575041,4,0,0,999561,1
41319.755447,4,0,0,999745,1
41320.865279,4,0,0,999758,1
41323.131392,4,0,0,999761,1
41334.516544,4,0,0,999779,1
41347.826512,4,0,0,999943,1
41360.458536,4,0,0,999696,1
41368.182267,4,0,0,999727,1
41373.016549,4,0,0,999795,1
41383.583014,4,0,0,1000046,1
41399.323572,4,0,0,999550,1
41410.366500,4,0,0,999533,1
41412.838273,4,0,0,999500,1
41420.623037,4,0,0,999380,1
41422.610858,4,0,0,999447,1
41422.857596,4,0,0,999420,1
41425.956477,4,0,0,999597,1
41433.809399,4,0,0,999493,1
41434.369947,4,0,0,999468,1
41435.096309,4,0,0,999472,1
41444.691387,4,0,0,999456,1
41451.157217,4,0,0,999614,1
41453.044539,4,0,0,999612,1
41457.546903,4,0,0,999508,1
41458.159229,4,0,0,999563,1
41463.431696,4,0,0,999628,1
41469.535860,4,0,0,999565,1
41482.054075,4,0,0,999418,1
41482.815795,4,0,0,999396,1
41484.141504,4,0,0,999396,1
41485.749734,4,0,0,999505,1
41492.273425,4,0,0,999406,1
41498.897943,4,0,0,999563,1
41504.938343,4,0,0,999597,1
41505.142724,4,0,0,999621,1
41506.968534,4,0,0,999630,1
41508.453149,4,0,0,999689,1
41510.867314,4,0,0,999694,1
41511.036490,4,0,0,999680,1
41514.187913,4,0,0,999717,1
41515.430397,4,0,0,999724,1
41528.888034,4,0,0,999715,1
41529.110958,4,0,0,999678,1
41548.496517,4,0,0,999859,1
41551.316643,4,0,0,999954,1
41556.182092,4,0,0,1000057,1
41567.768299,4,0,0,999973,1
41572.762533,4,0,0,999842,1
41574.451291,4,0,0,999770,1
41592.249964,4,0,0,999620,1
41596.699784,4,0,0,999629,1
41602.709963,4,0,0,999433,1
41610.880830,4,0,0,999391,1
41615.215145,4,0,0,999329,1
41618.447113,4,0,0,999525,1
41629.008750,4,0,0,999607,1
41629.979312,4,0,0,999660,1
41632.797342,4,0,0,999604,1
41635.446399,4,0,0,999696,1
41638.492604,4,0,0,999830,1
41640.262934,4,0,0,999832,1
41641.597406,4,0,0,999936,1
41643.184442,4,0,0,999984,1
41646.829952,4,0,0,1000074,1
41654.550092,4,0,0,1000071,1
41659.926653,4,0,0,1000178,1
41663.910623,4,0,0,1000257,1
41676.912467,4,0,0,1000221,1
41679.780703,4,0,0,1000222,1
41689.755200,4,0,0,1000005,1
41692.034074,4,0,0,1000033,1
41697.357285,4,0,0,1000034,1
41697.743496,4,0,0,1000066,1
41702.558004,4,0,0,1000049,1
41707.582423,4,0,0,999923,1
41713.373884,4,0,0,1000026,1
41731.474153,4,0,0,999888,1
41740.904275,4,0,0,999866,1
41741.485815,4,0,0,999939,1
41759.316289,4,0,0,999759,1
41762.852406,4,0,0,999649,1
41771.256074,4,0,0,999299,1
41774.697452,4,0,0,999303,1
41788.335334,4,0,0,999413,1
41797.824893,4,0,0,999285,1
41821.574159,4,0,0,998652,1
41826.119841,4,0,0,998719,1
41827.435539,4,0,0,998704,1
41847.107961,4,0,0,998977,1
41849.269004,4,0,0,998941,1
41849.438349,4,0,0,998963,1
41853.195971,4,0,0,998952,1
41857.108129,4,0,0,998832,1
41858.702819,4,0,0,998859,1
41860.252233,4,0,0,998842,1
41863.109942,4,0,0,998836,1
41866.517470,4,0,0,998843,1
41867.089213,4,0,0,998869,1
41885.831975,4,0,0,999074,1
41888.256585,4,0,0,998965,1
41890.667789,4,0,0,998990,1
41896.860852,4,0,0,998918,1
41898.766385,4,0,0,998921,1
41900.566424,4,0,0,998911,1
41904.348483,4,0,0,998882,1
41906.012564,4,0,0,998866,1
41910.783218,4,0,0,998768,1
41914.397983,4,0,0,998610,1
41924.310424,4,0,0,998659,1
41931.410015,4,0,0,998691,1
41933.026826,4,0,0,998671,1
41934.555423,4,0,0,998746,1
41941.122389,4,0,0,998650,1
41947.398042,4,0,0,998436,1
41947.825568,4,0,0,998471,1
41951.281138,4,0,0,998477,1
41959.280546,4,0,0,998421,1
41968.549720,4,0,0,998478,1
41975.229526,4,0,0,998516,1
41976.086286,4,0,0,998520,1
41977.470641,4,0,0,998427,1
41979.131320,4,0,0,998454,1
41980.559255,4,0,0,998421,1
41981.524474,4,0,0,998449,1
41994.219408,4,0,0,998291,1
41994.407007,4,0,0,998285,1
42002.870568,4,0,0,998095,1
42003.349506,4,0,0,998047,1
42013.485352,4,0,0,998202,1
42020.413821,4,0,0,998020,1
42024.600149,4,0,0,997959,1
42030.493021,4,0,0,997939,1
42033.432970,4,0,0,998049,1
42035.142895,4,0,0,998082,1
42041.373044,4,0,0,998123,1
42042.641011,4,0,0,998091,1
42046.686373,4,0,0,997865,1
42058.126783,4,0,0,997862,1
42070.056872,4,0,0,997652,1
42070.682528,4,0,0,997667,1
42072.969282,4,0,0,997608,1
42073.963486,4,0,0,997601,1
42086.748643,4,0,0,997881,1
42089.749197,4,0,0,997868,1
42104.735769,4,0,0,997907,1
42106.227516,4,0,0,997881,1
42108.725024,4,0,0,997945,1
42113.882458,4,0,0,997747,1
42116.152390,4,0,0,997759,1
42148.421367,4,0,0,997674,1
42149.786593,4,0,0,997644,1
42153.023570,4,0,0,997798,1
42157.023299,4,0,0,997815,1
42159.390781,4,0,0,997781,1
42159.988431,4,0,0,997712,1
42160.462967,4,0,0,997728,1
42164.042045,4,0,0,997686,1
42164.068935,4,0,0,997690,1
42164.071689,4,0,0,997689,1
42171.481230,4,0,0,997780,1
42174.920383,4,0,0,997781,1
42184.443139,4,0,0,997770,1
42186.474057,4,0,0,997755,1
42198.073229,4,0,0,997766,1
42209.726277,4,0,0,998074,1
42214.004348,4,0,0,998145,1
42216.497384,4,0,0,998145,1
42219.592172,4,0,0,998173,1
42221.250212,4,0,0,998138,1
42227.902095,4,0,0,998311,1
42232.873877,4,0,0,998251,1
42237.552006,4,0,0,998201,1
42239.837987,4,0,0,998163,1
42248.079202,4,0,0,997904,1
42251.579254,4,0,0,997860,1
42253.610072,4,0,0,997818,1
42254.167080,4,0,0,997781,1
42254.897223,4,0,0,997754,1
42257.837967,4,0,0,997754,1
42266.616114,4,0,0,997794,1
42269.795617,4,0,0,997730,1
42270.264626,4,0,0,997718,1
42274.415370,4,0,0,997603,1
42281.107479,4,0,0,997489,1
42288.774794,4,0,0,997353,1
42294.984670,4,0,0,997341,1
42302.097156,4,0,0,997364,1
42302.790118,4,0,0,997357,1
42304.453923,4,0,0,997307,1
42315.288627,4,0,0,997120,1
42321.854227,4,0,0,997283,1
42324.202015,4,0,0,997279,1
42328.238153,4,0,0,997280,1
42332.785960,4,0,0,997237,1
42341.805957,4,0,0,997366,1
42346.122877,4,0,0,997336,1
42351.691964,4,0,0,997547,1
42360.853026,4,0,0,997447,1
42374.319985,4,0,0,997316,1
42383.214817,4,0,0,997592,1
42384.916018,4,0,0,997597,1
42385.428105,4,0,0,997565,1
42388.529101,4,0,0,997475,1
42397.090190,4,0,0,997345,1
42400.881403,4,0,0,997365,1
42410.915718,4,0,0,997530,1
42412.307584,4,0,0,997609,1
42413.706091,4,0,0,997672,1
42414.177574,4,0,0,997730,1
42415.978946,4,0,0,997723,1
42415.984826,4,0,0,997727,1
42418.879566,4,0,0,997693,1
42423.805167,4,0,0,997674,1
42427.058959,4,0,0,997712,1
42431.601119,4,0,0,997547,1
42436.649888,4,0,0,997591,1
42442.651587,4,0,0,997520,1
42444.199403,4,0,0,997483,1
42444.622840,4,0,0,997481,1
42445.742100,4,0,0,997478,1
42446.655058,4,0,0,997411,1
42446.975996,4,0,0,997370,1
42463.268641,4,0,0,997468,1
42464.238196,4,0,0,997491,1
42464.282067,4,0,0,997479,1
42472.269965,4,0,0,997264,1
42475.398583,4,0,0,997435,1
42475.524083,4,0,0,997409,1
42483.536059,4,0,0,997404,1
42493.073715,4,0,0,997530,1
42498.798920,4,0,0,997653,1
42500.896531,4,0,0,997785,1
42505.817049,4,0,0,997869,1
42509.137463,4,0,0,997876,1
42523.088046,4,0,0,997634,1
42526.704738,4,0,0,997688,1
42536.713368,4,0,0,997731,1
42539.544910,4,0,0,997695,1
42541.528454,4,0,0,997699,1
42543.047413,4,0,0,997714,1
42543.170724,4,0,0,997739,1
42544.365686,4,0,0,997693,1
42561.351554,4,0,0,997956,1
42562.671493,4,0,0,997878,1
42565.791894,4,0,0,997952,1
42566.285659,4,0,0,997909,1
42568.123039,4,0,0,997802,1
42575.849795,4,0,0,997919,1
42579.631758,4,0,0,997904,1
42589.891292,4,0,0,997884,1
42598.115375,4,0,0,997731,1
42603.501988,4,0,0,997751,1
42613.829883,4,0,0,997695,1
42635.880367,4,0,0,997205,1
42637.131938,4,0,0,997113,1
42639.750864,4,0,0,997113,1
42642.404036,4,0,0,997238,1
42644.313678,4,0,0,997337,1
42655.704365,4,0,0,997194,1
42665.197746,4,0,0,997412,1
42667.120239,4,0,0,997454,1
42672.071917,4,0,0,997315,1
42679.631388,4,0,0,997084,1
42688.627273,4,0,0,996890,1
42702.765174,4,0,0,996689,1
42721.918596,4,0,0,996717,1
42723.769619,4,0,0,996811,1
42729.763673,4,0,0,997023,1
42730.779542,4,0,0,997070,1
42737.990712,4,0,0,996986,1
42741.539634,4,0,0,996967,1
42755.703550,4,0,0,996838,1
42763.212366,4,0,0,997017,1
42766.037707,4,0,0,997068,1
42772.974559,4,0,0,997089,1
42776.294456,4,0,0,997100,1
42780.684389,4,0,0,997151,1
42787.023896,4,0,0,997310,1
42791.819217,4,0,0,997357,1
42803.041191,4,0,0,997044,1
42803.805047,4,0,0,997083,1
42805.197932,4,0,0,997102,1
42805.584462,4,0,0,997104,1
42810.047401,4,0,0,997163,1
42820.965539,4,0,0,996902,1
42825.359263,4,0,0,996821,1
42837.184674,4,0,0,996749,1
42837.348384,4,0,0,996745,1
42839.481183,4,0,0,996903,1
42843.288952,4,0,0,996964,1
42850.697386,4,0,0,996975,1
42880.781007,4,0,0,997172,1
42880.854492,4,0,0,997164,1
42882.460255,4,0,0,997067,1
42890.288774,4,0,0,997332,1
42891.611091,4,0,0,997283,1
42895.113634,4,0,0,997224,1
42895.324219,4,0,0,997266,1
42898.614762,4,0,0,997234,1
42900.815911,4,0,0,997238,1
42902.093261,4,0,0,997365,1
42910.833046,4,0,0,997104,1
42911.205394,4,0,0,997100,1
42915.704555,4,0,0,997109,1
42919.895300,4,0,0,996977,1
42920.841772,4,0,0,996952,1
42923.297108,4,0,0,996919,1
42925.030579,4,0,0,996909,1
42932.525057,4,0,0,996993,1
42936.240918,4,0,0,996968,1
42950.114250,4,0,0,996721,1
42959.326492,4,0,0,996570,1
42964.425930,4,0,0,996652,1
42967.422681,4,0,0,996645,1
42969.159325,4,0,0,996584,1
42971.550543,4,0,0,996617,1
42973.736070,4,0,0,996643,1
42986.181588,4,0,0,996368,1
42998.045474,4,0,0,996478,1
43002.322117,4,0,0,996265,1
43011.403888,4,0,0,996193,1
43028.520829,4,0,0,995877,1
43039.331418,4,0,0,996101,1
43039.797970,4,0,0,996151,1
43045.794420,4,0,0,996072,1
43047.260417,4,0,0,996107,1
43047.653855,4,0,0,996069,1
43048.225672,4,0,0,995999,1
43052.974476,4,0,0,996015,1
43055.841859,4,0,0,996024,1
43060.100882,4,0,0,996122,1
43061.661864,4,0,0,996031,1
43064.903704,4,0,0,996027,1
43069.853325,4,0,0,995957,1
43080.503131,4,0,0,996170,1
43084.182089,4,0,0,996039,1
43090.462723,4,0,0,996053,1
43092.756005,4,0,0,996095,1
43096.263057,4,0,0,996178,1
43098.617389,4,0,0,996218,1
43102.847284,4,0,0,996145,1
43103.066724,4,0,0,996124,1
43105.315488,4,0,0,996169,1
43112.484904,4,0,0,996343,1
43117.426865,4,0,0,996135,1
43124.594708,4,0,0,996180,1
43126.808631,4,0,0,996245,1
43130.828564,4,0,0,996299,1
43134.340722,4,0,0,996256,1
43134.927950,4,0,0,996297,1
43145.431682,4,0,0,996146,1
43149.356431,4,0,0,995954,1
43153.603765,4,0,0,995934,1
43154.153170,4,0,0,995939,1
43160.710061,4,0,0,996001,1
43166.056083,4,0,0,996034,1
43168.082641,4,0,0,996008,1
43172.349233,4,0,0,995921,1
43175.399739,4,0,0,995921,1
43181.457005,4,0,0,996120,1
43182.182251,4,0,0,996083,1
43182.404270,4,0,0,996054,1
43184.758854,4,0,0,996155,1
43192.328116,4,0,0,995940,1
43193.422915,4,0,0,995968,1
43193.571982,4,0,0,995975,1
43198.590498,4,0,0,995933,1
43200.837268,4,0,0,995813,1
43201.091537,4,0,0,995782,1
43206.562172,4,0,0,995854,1
43209.238310,4,0,0,995878,1
43210.304170,4,0,0,995842,1
43211.720411,4,0,0,995804,1
43219.144482,4,0,0,995803,1
43219.191426,4,0,0,995797,1
43219.291606,4,0,0,995801,1
43220.298836,4,0,0,995834,1
43225.479246,4,0,0,995865,1
43246.958376,4,0,0,995819,1
43248.513252,4,0,0,995823,1
43253.518634,4,0,0,995620,1
43256.938840,4,0,0,995887,1
43269.820411,4,0,0,995856,1
43272.297718,4,0,0,995914,1
43273.579252,4,0,0,995948,1
43275.282707,4,0,0,995925,1
43287.439167,4,0,0,995772,1
43293.645597,4,0,0,995906,1
43296.035103,4,0,0,995865,1
43298.930994,4,0,0,995964,1
43304.604965,4,0,0,995846,1
43306.736028,4,0,0,995922,1
43312.329957,4,0,0,995793,1
43312.626591,4,0,0,995782,1
43314.741812,4,0,0,995870,1
43324.429374,4,0,0,995876,1
43325.175948,4,0,0,995879,1
43331.735608,4,0,0,995754,1
43336.216255,4,0,0,995619,1
43336.562244,4,0,0,995634,1
43343.871226,4,0,0,995687,1
43355.847906,4,0,0,995691,1
43356.791366,4,0,0,995716,1
43359.032328,4,0,0,995783,1
43366.479288,4,0,0,995764,1
43383.765290,4,0,0,995743,1
43388.181693,4,0,0,995820,1
43400.295696,4,0,0,995736,1
43404.959337,4,0,0,995933,1
43406.114369,4,0,0,995961,1
43406.171888,4,0,0,995977,1
43419.625728,4,0,0,995930,1
43419.934273,4,0,0,995904,1
43426.200765,4,0,0,996129,1
43437.871274,4,0,0,995893,1
43449.917382,4,0,0,995726,1
43454.679562,4,0,0,995692,1
43459.567729,4,0,0,995793,1
43459.633016,4,0,0,995801,1
43473.342623,4,0,0,995611,1
43474.240703,4,0,0,995645,1
43478.531955,4,0,0,995740,1
43485.777427,4,0,0,995831,1
43491.630096,4,0,0,995779,1
43492.824851,4,0,0,995713,1
43496.977071,4,0,0,995864,1
43498.949835,4,0,0,995824,1
43512.477929,4,0,0,995748,1
43521.565959,4,0,0,995730,1
43521.766581,4,0,0,995764,1
43529.459257,4,0,0,995832,1
43550.519327,4,0,0,995947,1
43550.922243,4,0,0,995969,1
43555.684814,4,0,0,995895,1
43559.164668,4,0,0,996048,1
43563.242584,4,0,0,996094,1
43571.614774,4,0,0,996033,1
43586.441244,4,0,0,996120,1
43592.076422,4,0,0,995962,1
43593.765010,4,0,0,995958,1
43598.876789,4,0,0,996040,1
43599.483669,4,0,0,996049,1
43599.513200,4,0,0,996059,1
43610.415879,4,0,0,995863,1
43615.855381,4,0,0,995790,1
43618.711444,4,0,0,995790,1
43622.365880,4,0,0,995714,1
43622.456131,4,0,0,995708,1
43625.607223,4,0,0,995639,1
43632.476138,4,0,0,995767,1
43634.111118,4,0,0,995717,1
43638.650882,4,0,0,995607,1
43641.422823,4,0,0,995581,1
43642.599965,4,0,0,995648,1
43643.762985,4,0,0,995657,1
43646.150203,4,0,0,995789,1
43666.841645,4,0,0,995924,1
43667.258431,4,0,0,996007,1
43667.382748,4,0,0,996001,1
43670.699866,4,0,0,995963,1
43679.056941,4,0,0,996113,1
43703.081845,4,0,0,995880,1
43704.728481,4,0,0,995879,1
43710.546598,4,0,0,995828,1
43712.746620,4,0,0,995826,1
43714.112230,4,0,0,995809,1
43723.230148,4,0,0,995777,1
43724.740097,4,0,0,995725,1
43725.574457,4,0,0,995742,1
43731.882117,4,0,0,995848,1
43735.240108,4,0,0,995879,1
43741.983402,4,0,0,996018,1
43744.105738,4,0,0,995988,1
43753.154849,4,0,0,996099,1
43757.713283,4,0,0,996191,1
43767.867786,4,0,0,996041,1
43771.805606,4,0,0,995966,1
43772.107589,4,0,0,995899,1
43776.190459,4,0,0,995915,1
43781.102295,4,0,0,995904,1
43795.339107,4,0,0,995669,1
43796.561042,4,0,0,995704,1
43799.961666,4,0,0,995731,1
43800.251156,4,0,0,995755,1
43806.761623,4,0,0,995858,1
43812.838681,4,0,0,995790,1
43818.231589,4,0,0,995668,1
43820.395808,4,0,0,995607,1
43829.481988,4,0,0,995535,1
43831.237486,4,0,0,995658,1
43832.957983,4,0,0,995518,1
43837.398954,4,0,0,995506,1
43837.679106,4,0,0,995486,1
43840.636008,4,0,0,995291,1
43841.874340,4,0,0,995304,1
43846.630877,4,0,0,995286,1
43849.644966,4,0,0,995201,1
43857.311719,4,0,0,995218,1
43862.524033,4,0,0,995069,1
43869.854988,4,0,0,995252,1
43871.915885,4,0,0,995287,1
43875.353908,4,0,0,995328,1
43882.291591,4,0,0,995275,1
43886.374352,4,0,0,995134,1
43891.659371,4,0,0,994916,1
43895.247730,4,0,0,995059,1
43905.747816,4,0,0,995286,1
43911.674200,4,0,0,995386,1
43918.259921,4,0,0,995343,1
43926.519322,4,0,0,995407,1
43927.127293,4,0,0,995389,1
43931.506790,4,0,0,995319,1
43932.552514,4,0,0,995260,1
43942.753973,4,0,0,995536,1
43946.375887,4,0,0,995555,1
43946.741876,4,0,0,995545,1
43956.048092,4,0,0,995627,1
43956.670957,4,0,0,995622,1
43959.696591,4,0,0,995661,1
43961.522268,4,0,0,995743,1
43969.962316,4,0,0,995864,1
43975.675955,4,0,0,995947,1
43978.937853,4,0,0,995907,1
43980.191991,4,0,0,995893,1
43982.081985,4,0,0,995830,1
43982.896042,4,0,0,995871,1
43982.989793,4,0,0,995877,1
43986.348038,4,0,0,995911,1
43988.577541,4,0,0,995915,1
43989.739426,4,0,0,995988,1
43996.529961,4,0,0,995894,1
44021.238784,4,0,0,996221,1
44025.953219,4,0,0,996379,1
44029.507046,4,0,0,996215,1
44032.018409,4,0,0,996312,1
44040.023877,4,0,0,996302,1
44042.802301,4,0,0,996221,1
44051.083513,4,0,0,996259,1
44053.238309,4,0,0,996362,1
44054.001480,4,0,0,996319,1
44057.111375,4,0,0,996443,1
44058.643211,4,0,0,996483,1
44070.028185,4,0,0,996295,1
44087.492503,4,0,0,996707,1
44089.532905,4,0,0,996693,1
44096.813866,4,0,0,996844,1
44102.370645,4,0,0,996884,1
44106.483075,4,0,0,996822,1
44107.578066,4,0,0,996795,1
44111.528448,4,0,0,996850,1
44111.716838,4,0,0,996842,1
44112.002051,4,0,0,996822,1
44113.624181,4,0,0,996713,1
44114.140734,4,0,0,996735,1
44116.554897,4,0,0,996607,1
44120.425533,4,0,0,996762,1
44121.843371,4,0,0,996794,1
44122.172639,4,0,0,996771,1
44130.093403,4,0,0,997142,1
44130.944402,4,0,0,997241,1
44139.729318,4,0,0,997493,1
44141.800204,4,0,0,997561,1
44148.660880,4,0,0,997599,1
44153.057729,4,0,0,997534,1
44155.074065,4,0,0,997600,1
44155.243404,4,0,0,997610,1
44160.021914,4,0,0,997574,1
44160.853037,4,0,0,997584,1
44173.420325,4,0,0,997349,1
44180.897377,4,0,0,997331,1
44190.358096,4,0,0,997472,1
44191.580490,4,0,0,997546,1
44195.037851,4,0,0,997506,1
44195.852212,4,0,0,997487,1
44203.140049,4,0,0,997521,1
44204.107664,4,0,0,997479,1
44210.216293,4,0,0,997379,1
44211.141717,4,0,0,997389,1
44213.897349,4,0,0,997426,1
44218.833523,4,0,0,997470,1
44220.580897,4,0,0,997515,1
44222.916894,4,0,0,997489,1
44224.175956,4,0,0,997549,1
44232.469215,4,0,0,997453,1
44235.484139,4,0,0,997202,1
44242.263762,4,0,0,997175,1
44252.062427,4,0,0,997125,1
44254.270404,4,0,0,997087,1
44257.285358,4,0,0,997107,1
44284.835161,4,0,0,997438,1
44292.091817,4,0,0,997563,1
44292.854664,4,0,0,997566,1
44296.228224,4,0,0,997701,1
44296.897815,4,0,0,997688,1
44302.481188,4,0,0,997634,1
44309.344931,4,0,0,997760,1
44312.462467,4,0,0,997865,1
44325.681565,4,0,0,998051,1
44327.230307,4,0,0,998023,1
44336.683912,4,0,0,998084,1
44338.535150,4,0,0,998066,1
44342.083438,4,0,0,998093,1
44343.547733,4,0,0,998144,1
44343.961613,4,0,0,998157,1
44345.675275,4,0,0,998177,1
44349.229613,4,0,0,998203,1
44355.523828,4,0,0,998083,1
44357.134940,4,0,0,998065,1
44359.981059,4,0,0,998163,1
44360.740914,4,0,0,998127,1
44361.126205,4,0,0,998153,1
44362.136779,4,0,0,998081,1
44370.665989,4,0,0,998034,1
44372.473794,4,0,0,997897,1
44385.369353,4,0,0,997682,1
44388.893101,4,0,0,997640,1
44402.577769,4,0,0,997668,1
44402.645883,4,0,0,997676,1
44405.130020,4,0,0,997770,1
44405.394047,4,0,0,997784,1
44412.771400,4,0,0,997898,1
44418.713721,4,0,0,997768,1
44422.137023,4,0,0,997621,1
44425.563958,4,0,0,997565,1
44439.043486,4,0,0,997667,1
44439.674101,4,0,0,997629,1
44446.325252,4,0,0,997535,1
44448.766461,4,0,0,997525,1
44455.851129,4,0,0,997318,1
44456.723075,4,0,0,997422,1
44457.763326,4,0,0,997473,1
44480.435411,4,0,0,997345,1
44490.502388,4,0,0,997515,1
44493.320205,4,0,0,997446,1
44494.948566,4,0,0,997567,1
44495.934073,4,0,0,997629,1
44497.772827,4,0,0,997655,1
44501.213962,4,0,0,997673,1
44501.439788,4,0,0,997618,1
44501.959799,4,0,0,997580,1
44507.272201,4,0,0,997631,1
44508.088689,4,0,0,997644,1
44510.518445,4,0,0,997766,1
44511.918462,4,0,0,997714,1
44513.492277,4,0,0,997710,1
44528.971912,4,0,0,997662,1
44530.813872,4,0,0,997703,1
44531.219084,4,0,0,997722,1
44533.666261,4,0,0,997607,1
44539.155255,4,0,0,997622,1
44541.150326,4,0,0,997634,1
44547.694925,4,0,0,997707,1
44548.016201,4,0,0,997684,1
44557.450082,4,0,0,997595,1
44559.412216,4,0,0,997611,1
44565.401887,4,0,0,997558,1
44568.421853,4,0,0,997573,1
44569.520787,4,0,0,997549,1
44570.756121,4,0,0,997604,1
44570.954722,4,0,0,997592,1
44580.410803,4,0,0,997785,1
44583.829503,4,0,0,997775,1
44589.688683,4,0,0,997757,1
44601.173725,4,0,0,997836,1
44611.935509,4,0,0,997793,1
44613.386007,4,0,0,997774,1
44615.023251,4,0,0,997790,1
44615.337308,4,0,0,997865,1
44615.608538,4,0,0,997925,1
44619.971970,4,0,0,997866,1
44620.482826,4,0,0,997841,1
44626.032003,4,0,0,997990,1
44631.040256,4,0,0,998052,1
44636.099686,4,0,0,998146,1
44640.447042,4,0,0,998318,1
44651.054667,4,0,0,998215,1
44652.017313,4,0,0,998155,1
44662.274819,4,0,0,997906,1
44665.262014,4,0,0,997831,1
44667.179009,4,0,0,997841,1
44667.430920,4,0,0,997847,1
44668.776130,4,0,0,997898,1
44672.851046,4,0,0,997931,1
44673.592529,4,0,0,997965,1
44680.515000,4,0,0,997885,1
44683.402918,4,0,0,997807,1
44683.612867,4,0,0,997791,1
44684.625436,4,0,0,997789,1
44687.820026,4,0,0,997874,1
44693.811675,4,0,0,997867,1
44710.416387,4,0,0,998208,1
44714.705438,4,0,0,998336,1
44716.025902,4,0,0,998328,1
44717.002166,4,0,0,998349,1
44721.804351,4,0,0,998412,1
44728.491958,4,0,0,998499,1
44728.700600,4,0,0,998528,1
44732.932972,4,0,0,998468,1
44735.642298,4,0,0,998477,1
44738.934778,4,0,0,998223,1
44740.038624,4,0,0,998206,1
44757.041451,4,0,0,998344,1
44767.743613,4,0,0,998281,1
44774.344651,4,0,0,998340,1
44780.062781,4,0,0,998345,1
44784.117654,4,0,0,998266,1
44789.390071,4,0,0,998394,1
44790.244681,4,0,0,998436,1
44793.819876,4,0,0,998487,1
44799.710077,4,0,0,998331,1
44810.552228,4,0,0,998371,1
44811.126357,4,0,0,998401,1
44811.609768,4,0,0,998380,1
44815.891985,4,0,0,998320,1
44816.041814,4,0,0,998305,1
44823.434404,4,0,0,998391,1
44827.260919,4,0,0,998331,1
44833.460841,4,0,0,998313,1
44835.566718,4,0,0,998491,1
44840.478620,4,0,0,998609,1
44842.033165,4,0,0,998648,1
44844.091296,4,0,0,998795,1
44846.414076,4,0,0,998890,1
44853.322079,4,0,0,998813,1
44872.128191,4,0,0,998935,1
44874.913280,4,0,0,998788,1
44886.254685,4,0,0,998686,1
44886.675406,4,0,0,998679,1
44887.584512,4,0,0,998725,1
44888.184092,4,0,0,998662,1
44891.215763,4,0,0,998633,1
44891.685989,4,0,0,998651,1
44898.543445,4,0,0,998639,1
44901.347968,4,0,0,998713,1
44904.038675,4,0,0,998660,1
44911.142083,4,0,0,998481,1
44914.467213,4,0,0,998508,1
44916.714462,4,0,0,998510,1
44922.793564,4,0,0,998562,1
44927.262727,4,0,0,998323,1
44933.881479,4,0,0,998448,1
44936.026143,4,0,0,998506,1
44938.451916,4,0,0,998409,1
44950.487305,4,0,0,998451,1
44950.611970,4,0,0,998420,1
44952.592149,4,0,0,998485,1
44954.343971,4,0,0,998482,1
44964.755869,4,0,0,998122,1
44965.625694,4,0,0,998200,1
44973.478179,4,0,0,998540,1
44977.092359,4,0,0,998459,1
44981.337423,4,0,0,998330,1
44986.585429,4,0,0,998401,1
44995.028657,4,0,0,998260,1
45008.159521,4,0,0,998160,1
45009.939307,4,0,0,998058,1
45009.971752,4,0,0,998056,1
45012.122994,4,0,0,998070,1
45012.470089,4,0,0,998057,1
45019.261653,4,0,0,997926,1
45021.460096,4,0,0,998095,1
45026.143667,4,0,0,998202,1
45039.094729,4,0,0,997898,1
45053.486500,4,0,0,997656,1
45058.165931,4,0,0,997535,1
45062.593668,4,0,0,997677,1
45070.224634,4,0,0,997724,1
45079.069926,4,0,0,997784,1
45091.058856,4,0,0,997929,1
45095.161648,4,0,0,997935,1
45097.163137,4,0,0,998047,1
45101.839786,4,0,0,998033,1
45118.582353,4,0,0,998101,1
45120.048447,4,0,0,998191,1
45124.263330,4,0,0,997955,1
45126.019406,4,0,0,998017,1
45126.702739,4,0,0,998043,1
45143.160543,4,0,0,997969,1
45156.417351,4,0,0,997925,1
45161.433160,4,0,0,997943,1
45164.594582,4,0,0,997890,1
45168.558687,4,0,0,998030,1
45182.547436,4,0,0,998027,1
45183.927663,4,0,0,998109,1
45191.780121,4,0,0,997897,1
45196.026724,4,0,0,997921,1
45198.711833,4,0,0,997949,1
45200.228316,4,0,0,998040,1
45201.257368,4,0,0,997973,1
45209.201773,4,0,0,998010,1
45209.709243,4,0,0,998028,1
45212.680793,4,0,0,998027,1
45218.467902,4,0,0,997891,1
45223.353068,4,0,0,998035,1
45226.709368,4,0,0,998086,1
45229.869819,4,0,0,998036,1
45231.360343,4,0,0,997993,1
45232.251276,4,0,0,997994,1
45235.821023,4,0,0,998025,1
45236.185762,4,0,0,998002,1
45246.588125,4,0,0,997975,1
45247.765548,4,0,0,997974,1
45248.538945,4,0,0,997842,1
45261.878895,4,0,0,997741,1
45264.298730,4,0,0,997800,1
45265.279261,4,0,0,997809,1
45268.045224,4,0,0,997678,1
45273.880480,4,0,0,997612,1
45275.095511,4,0,0,997688,1
45275.594795,4,0,0,997670,1
45278.606592,4,0,0,997771,1
45286.200626,4,0,0,997860,1
45295.470112,4,0,0,997978,1
45299.779513,4,0,0,997877,1
45301.289246,4,0,0,997862,1
45304.261067,4,0,0,998001,1
45306.253612,4,0,0,998029,1
45306.260744,4,0,0,998031,1
45307.435374,4,0,0,998073,1
45312.004254,4,0,0,998194,1
45314.196456,4,0,0,998250,1
45316.578689,4,0,0,998100,1
45323.040458,4,0,0,997983,1
45324.180915,4,0,0,998049,1
45329.018878,4,0,0,997878,1
45332.490584,4,0,0,997843,1
45334.136321,4,0,0,997854,1
45345.019144,4,0,0,998173,1
45348.722667,4,0,0,998187,1
45351.947284,4,0,0,998103,1
45353.055872,4,0,0,998139,1
45359.999300,4,0,0,998121,1
45362.201069,4,0,0,998059,1
45365.747155,4,0,0,998081,1
45366.750932,4,0,0,998052,1
45375.049446,4,0,0,998134,1
45380.851423,4,0,0,997962,1
45381.724798,4,0,0,997895,1
45388.197795,4,0,0,997951,1
45394.120153,4,0,0,998051,1
45395.101692,4,0,0,998055,1
45397.444673,4,0,0,998085,1
45401.569293,4,0,0,998174,1
45411.563254,4,0,0,998098,1
45416.498636,4,0,0,997871,1
45417.651005,4,0,0,997895,1
45426.239290,4,0,0,997721,1
45427.970382,4,0,0,997682,1
45434.175505,4,0,0,997818,1
45437.303305,4,0,0,997932,1
45439.072651,4,0,0,998049,1
45453.631839,4,0,0,998248,1
45458.381626,4,0,0,998466,1
45459.005873,4,0,0,998509,1
45466.354593,4,0,0,998483,1
45469.634784,4,0,0,998537,1
45470.048328,4,0,0,998532,1
45472.474627,4,0,0,998455,1
45478.064333,4,0,0,998408,1
45483.228219,4,0,0,998524,1
45485.273828,4,0,0,998583,1
45489.425604,4,0,0,998703,1
45490.870900,4,0,0,998663,1
45491.700713,4,0,0,998621,1
45499.887135,4,0,0,998667,1
45502.261952,4,0,0,998548,1
45504.363853,4,0,0,998533,1
45509.966910,4,0,0,998419,1
45521.214173,4,0,0,998463,1
45522.496297,4,0,0,998500,1
45523.569194,4,0,0,998488,1
45523.762196,4,0,0,998474,1
45526.914500,4,0,0,998567,1
45527.797358,4,0,0,998519,1
45528.117317,4,0,0,998559,1
45540.181358,4,0,0,998579,1
45545.082233,4,0,0,998410,1
45546.071865,4,0,0,998408,1
45555.876928,4,0,0,998380,1
45557.462564,4,0,0,998453,1
45560.850951,4,0,0,998394,1
45588.525536,4,0,0,998074,1
45596.543958,4,0,0,998067,1
45599.818646,4,0,0,997948,1
45603.776809,4,0,0,997911,1
45610.550966,4,0,0,997995,1
45618.383665,4,0,0,998072,1
45619.063960,4,0,0,998040,1
45621.131365,4,0,0,998170,1
45633.480232,4,0,0,997970,1
45634.303842,4,0,0,997952,1
45636.309285,4,0,0,997979,1
45644.314292,4,0,0,997959,1
45646.151196,4,0,0,998049,1
45652.079966,4,0,0,998017,1
45653.745801,4,0,0,997987,1
45659.402740,4,0,0,998182,1
45667.446006,4,0,0,998124,1
45669.822866,4,0,0,998171,1
45688.776533,4,0,0,998199,1
45693.569941,4,0,0,998171,1
45695.239647,4,0,0,998183,1
45697.247795,4,0,0,998240,1
45712.218824,4,0,0,998065,1
45724.519939,4,0,0,997929,1
45731.593616,4,0,0,998094,1
45741.058511,4,0,0,997789,1
45757.499910,4,0,0,997688,1
45760.858606,4,0,0,997655,1
45762.073624,4,0,0,997640,1
45777.132981,4,0,0,997560,1
45777.692140,4,0,0,997572,1
45786.427086,4,0,0,997603,1
45789.120731,4,0,0,997751,1
45800.294680,4,0,0,998034,1
45813.034666,4,0,0,998033,1
45815.714029,4,0,0,998033,1
45821.441641,4,0,0,998098,1
45824.261781,4,0,0,998150,1
45831.304145,4,0,0,998081,1
45835.668870,4,0,0,997953,1
45836.286351,4,0,0,998001,1
45838.664820,4,0,0,998035,1
45841.231750,4,0,0,998033,1
45845.724162,4,0,0,998215,1
45848.018467,4,0,0,998121,1
45848.710705,4,0,0,998076,1
45854.651943,4,0,0,997750,1
45862.413618,4,0,0,997960,1
45867.981737,4,0,0,997980,1
45869.183174,4,0,0,998010,1
45883.062355,4,0,0,997813,1
45883.844989,4,0,0,997822,1
45889.850876,4,0,0,997841,1
45897.395435,4,0,0,998089,1
45915.919995,4,0,0,998253,1
45922.596966,4,0,0,998316,1
45931.373659,4,0,0,998286,1
45942.341575,4,0,0,998086,1
45943.352073,4,0,0,998049,1
45945.709365,4,0,0,998048,1
45946.292690,4,0,0,998047,1
45947.012656,4,0,0,997999,1
45949.487777,4,0,0,997981,1
45956.136452,4,0,0,997794,1
45958.232876,4,0,0,997638,1
45958.463968,4,0,0,997656,1
45962.589419,4,0,0,997748,1
45969.217534,4,0,0,997796,1
45977.962742,4,0,0,997692,1
45984.578607,4,0,0,997392,1
45990.534416,4,0,0,997342,1
45993.071299,4,0,0,997285,1
45993.827675,4,0,0,997359,1
46004.710538,4,0,0,997422,1
46005.733900,4,0,0,997490,1
46014.279233,4,0,0,997569,1
46015.410385,4,0,0,997570,1
46019.762939,4,0,0,997511,1
46032.905744,4,0,0,997554,1
46035.823449,4,0,0,997539,1
46044.596409,4,0,0,997644,1
46048.591380,4,0,0,997653,1
46050.666483,4,0,0,997640,1
46051.852150,4,0,0,997633,1
46052.217043,4,0,0,997587,1
46055.454416,4,0,0,997571,1
46072.815759,4,0,0,997820,1
46074.705594,4,0,0,997845,1
46075.403003,4,0,0,997793,1
46077.172582,4,0,0,997888,1
46078.781370,4,0,0,997840,1
46085.691673,4,0,0,998004,1
46088.071442,4,0,0,997956,1
46088.825995,4,0,0,997971,1
46093.542208,4,0,0,997856,1
46119.430426,4,0,0,997851,1
46123.178902,4,0,0,997865,1
46131.811999,4,0,0,997989,1
46155.622165,4,0,0,997968,1
46164.542308,4,0,0,997788,1
46168.610025,4,0,0,997795,1
46174.548716,4,0,0,997703,1
46177.739993,4,0,0,997570,1
46182.047707,4,0,0,997577,1
46190.810179,4,0,0,997261,1
46192.967503,4,0,0,997318,1
46193.060286,4,0,0,997321,1
46193.315547,4,0,0,997344,1
46196.545512,4,0,0,997475,1
46197.060090,4,0,0,997456,1
46200.028157,4,0,0,997509,1
46200.145381,4,0,0,997495,1
46201.202257,4,0,0,997494,1
46201.819776,4,0,0,997424,1
46206.959893,4,0,0,997315,1
46207.623828,4,0,0,997267,1
46208.014358,4,0,0,997233,1
46223.569813,4,0,0,997355,1
46228.614811,4,0,0,997382,1
46238.691801,4,0,0,997488,1
46245.817967,4,0,0,997359,1
46246.142440,4,0,0,997323,1
46248.339184,4,0,0,997304,1
46256.949160,4,0,0,997329,1
46264.996044,4,0,0,997472,1
46265.387459,4,0,0,997465,1
46272.503324,4,0,0,997597,1
46278.883856,4,0,0,997342,1
46280.461484,4,0,0,997256,1
46281.713093,4,0,0,997255,1
46298.376143,4,0,0,997302,1
46312.192951,4,0,0,997280,1
46315.574347,4,0,0,997432,1
46317.907415,4,0,0,997470,1
46318.870062,4,0,0,997353,1
46338.478931,4,0,0,997342,1
46352.535287,4,0,0,997154,1
46353.568218,4,0,0,997102,1
46354.434810,4,0,0,997076,1
46357.509957,4,0,0,997115,1
46363.071233,4,0,0,996928,1
46374.130658,4,0,0,997115,1
46380.596279,4,0,0,996826,1
46387.377143,4,0,0,997016,1
46388.391028,4,0,0,997018,1
46390.355757,4,0,0,997051,1
46392.056498,4,0,0,997126,1
46392.888664,4,0,0,997142,1
46395.734811,4,0,0,997284,1
46399.494618,4,0,0,997381,1
46400.171759,4,0,0,997438,1
46400.676852,4,0,0,997430,1
46410.193185,4,0,0,997353,1
46410.428858,4,0,0,997316,1
46411.369801,4,0,0,997296,1
46429.616204,4,0,0,997482,1
46429.988707,4,0,0,997498,1
46432.682720,4,0,0,997580,1
46436.124299,4,0,0,997567,1
46438.302282,4,0,0,997613,1
46438.907123,4,0,0,997500,1
46441.579183,4,0,0,997605,1
46442.523958,4,0,0,997607,1
46446.082906,4,0,0,997512,1
46458.567202,4,0,0,997459,1
46466.472191,4,0,0,997385,1
46470.897266,4,0,0,997367,1
46478.272006,4,0,0,997245,1
46493.033379,4,0,0,997071,1
46501.265987,4,0,0,997127,1
46502.204590,4,0,0,997090,1
46510.547489,4,0,0,996760,1
46513.009875,4,0,0,996763,1
46515.685263,4,0,0,996748,1
46520.325926,4,0,0,996706,1
46525.095076,4,0,0,996857,1
46527.039920,4,0,0,996858,1
46537.086024,4,0,0,996729,1
46537.939585,4,0,0,996701,1
46545.622412,4,0,0,996719,1
46546.837615,4,0,0,996819,1
46548.792037,4,0,0,996810,1
46552.370115,4,0,0,996789,1
46558.770803,4,0,0,996924,1
46569.242408,4,0,0,996926,1
46570.693691,4,0,0,996927,1
46585.496185,4,0,0,997013,1
46587.675267,4,0,0,997022,1
46592.905952,4,0,0,997071,1
46599.367583,4,0,0,997100,1
46600.886209,4,0,0,997184,1
46610.151431,4,0,0,997340,1
46618.346102,4,0,0,997407,1
46628.730523,4,0,0,997453,1
46629.313725,4,0,0,997518,1
46631.739262,4,0,0,997573,1
46636.643886,4,0,0,997624,1
46646.254691,4,0,0,997463,1
46650.188116,4,0,0,997380,1
46668.541438,4,0,0,997072,1
46670.754178,4,0,0,997119,1
46677.251564,4,0,0,997277,1
46682.142877,4,0,0,997339,1
46686.849815,4,0,0,997257,1
46691.154124,4,0,0,997229,1
46693.350310,4,0,0,997098,1
46693.875731,4,0,0,997089,1
46696.943288,4,0,0,997250,1
46704.432353,4,0,0,997341,1
46708.296068,4,0,0,997474,1
46708.675519,4,0,0,997514,1
46709.292365,4,0,0,997508,1
46714.966982,4,0,0,997538,1
46717.126599,4,0,0,997560,1
46729.573974,4,0,0,997897,1
46730.366947,4,0,0,997889,1
46731.522572,4,0,0,997839,1
46736.813382,4,0,0,997965,1
46739.974344,4,0,0,997995,1
46745.462087,4,0,0,998169,1
46749.890781,4,0,0,997830,1
46758.458638,4,0,0,997878,1
46759.651851,4,0,0,997759,1
46760.559649,4,0,0,997755,1
46761.935424,4,0,0,997763,1
46771.538389,4,0,0,997553,1
46773.281069,4,0,0,997612,1
46775.864913,4,0,0,997513,1
46777.442259,4,0,0,997573,1
46781.619293,4,0,0,997377,1
46785.785546,4,0,0,997300,1
46792.091482,4,0,0,997372,1
46796.101521,4,0,0,997471,1
46799.219566,4,0,0,997477,1
46802.993208,4,0,0,997285,1
46806.884110,4,0,0,997278,1
46811.588056,4,0,0,997189,1
46821.110073,4,0,0,997291,1
46851.525937,4,0,0,997424,1
46852.908260,4,0,0,997426,1
46860.910804,4,0,0,997379,1
46862.676577,4,0,0,997372,1
46864.160619,4,0,0,997346,1
46875.013067,4,0,0,997098,1
46875.939881,4,0,0,997116,1
46879.850178,4,0,0,997084,1
46890.564874,4,0,0,997048,1
46893.533329,4,0,0,997199,1
46896.086566,4,0,0,997148,1
46903.577086,4,0,0,997279,1
46910.836877,4,0,0,997402,1
46911.464726,4,0,0,997442,1
46911.615608,4,0,0,997450,1
46912.053775,4,0,0,997408,1
46912.293063,4,0,0,997422,1
46918.354273,4,0,0,997454,1
46919.748897,4,0,0,997428,1
46921.025893,4,0,0,997489,1
46933.458784,4,0,0,997565,1
46939.099653,4,0,0,997728,1
46948.446787,4,0,0,997733,1
46954.611633,4,0,0,997597,1
46963.650741,4,0,0,997558,1
46966.082722,4,0,0,997440,1
46968.879763,4,0,0,997523,1
46972.077676,4,0,0,997327,1
46995.690984,4,0,0,997125,1
46998.256088,4,0,0,997175,1
46998.679888,4,0,0,997215,1
47000.030043,4,0,0,997112,1
47005.973693,4,0,0,996986,1
47006.411425,4,0,0,996969,1
47011.411130,4,0,0,996904,1
47017.238173,4,0,0,996898,1
47032.125401,4,0,0,997097,1
47042.259608,4,0,0,997306,1
47052.158376,4,0,0,997312,1
47070.215642,4,0,0,996992,1
47077.525580,4,0,0,996848,1
47080.971844,4,0,0,996785,1
47081.284725,4,0,0,996802,1
47099.175174,4,0,0,996842,1
47099.793444,4,0,0,996869,1
47101.002954,4,0,0,996880,1
47115.848937,4,0,0,997010,1
47123.668551,4,0,0,996868,1
47142.021717,4,0,0,996764,1
47147.943353,4,0,0,996666,1
47153.786493,4,0,0,996762,1
47159.086827,4,0,0,996832,1
47161.319453,4,0,0,996836,1
47169.790307,4,0,0,996814,1
47171.400071,4,0,0,996824,1
47183.149811,4,0,0,996521,1
47193.115045,4,0,0,996551,1
47198.008749,4,0,0,996578,1
47205.746895,4,0,0,996437,1
47215.026693,4,0,0,996450,1
47215.672907,4,0,0,996446,1
47220.504814,4,0,0,996328,1
47229.143570,4,0,0,996082,1
47231.827803,4,0,0,996202,1
47238.541052,4,0,0,996121,1
47239.978056,4,0,0,996087,1
47242.823103,4,0,0,996075,1
47243.933533,4,0,0,996122,1
47246.665001,4,0,0,996046,1
47248.984654,4,0,0,996076,1
47255.133569,4,0,0,996239,1
47255.551587,4,0,0,996288,1
47268.089928,4,0,0,996347,1
47287.438589,4,0,0,996425,1
47287.453712,4,0,0,996418,1
47293.241346,4,0,0,996202,1
47293.592053,4,0,0,996143,1
47293.693038,4,0,0,996151,1
47301.049447,4,0,0,996196,1
47305.891353,4,0,0,996134,1
47314.149855,4,0,0,995969,1
47319.899027,4,0,0,995771,1
47321.760289,4,0,0,995812,1
47324.078194,4,0,0,995721,1
47331.930468,4,0,0,995825,1
47333.094036,4,0,0,995860,1
47334.707181,4,0,0,995926,1
47335.837912,4,0,0,995911,1
47337.020615,4,0,0,995895,1
47340.152884,4,0,0,995950,1
47343.911558,4,0,0,995951,1
47348.285469,4,0,0,996014,1
47356.478235,4,0,0,996022,1
47358.682157,4,0,0,996018,1
47363.798967,4,0,0,995843,1
47366.524571,4,0,0,995895,1
47370.890978,4,0,0,995945,1
47378.684953,4,0,0,996065,1
47379.431433,4,0,0,996111,1
47380.087082,4,0,0,996146,1
47382.277214,4,0,0,996066,1
47385.716747,4,0,0,996093,1
47390.746400,4,0,0,996037,1
47391.676371,4,0,0,996039,1
47398.412902,4,0,0,995835,1
47402.228476,4,0,0,995813,1
47405.401076,4,0,0,995898,1
47405.818265,4,0,0,995910,1
47418.913211,4,0,0,995743,1
47421.230741,4,0,0,995672,1
47422.588578,4,0,0,995740,1
47427.027212,4,0,0,995843,1
47436.812148,4,0,0,996106,1
47445.070362,4,0,0,995957,1
47446.100522,4,0,0,995924,1
47452.391541,4,0,0,995803,1
47458.181245,4,0,0,995711,1
47458.617419,4,0,0,995757,1
47467.946911,4,0,0,995752,1
47468.287535,4,0,0,995761,1
47474.496692,4,0,0,995806,1
47474.901501,4,0,0,995807,1
47483.628834,4,0,0,996019,1
47485.699064,4,0,0,996065,1
47493.051382,4,0,0,995949,1
47495.419124,4,0,0,995933,1
47495.834387,4,0,0,995913,1
47497.063986,4,0,0,995799,1
47497.510147,4,0,0,995846,1
47497.581519,4,0,0,995837,1
47506.312859,4,0,0,996012,1
47516.170204,4,0,0,995930,1
47518.200107,4,0,0,995975,1
47531.286359,4,0,0,996058,1
47539.826015,4,0,0,995945,1
47540.627449,4,0,0,995960,1
47544.083630,4,0,0,995856,1
47547.560686,4,0,0,995957,1
47548.454501,4,0,0,995968,1
47549.776230,4,0,0,995935,1
47561.599240,4,0,0,996407,1
47571.684935,4,0,0,996331,1
47576.373436,4,0,0,996351,1
47583.373102,4,0,0,996277,1
47588.753128,4,0,0,996223,1
47593.031605,4,0,0,996293,1
47594.135302,4,0,0,996384,1
47596.317754,4,0,0,996388,1
47598.613044,4,0,0,996298,1
47600.233941,4,0,0,996348,1
47611.536464,4,0,0,996276,1
47618.560042,4,0,0,996335,1
47623.627614,4,0,0,996161,1
47633.192351,4,0,0,996119,1
47634.778020,4,0,0,996071,1
47643.100866,4,0,0,995838,1
47644.627387,4,0,0,995904,1
47645.777563,4,0,0,995880,1
47662.467725,4,0,0,996173,1
47664.224882,4,0,0,996123,1
47674.820414,4,0,0,996298,1
47678.064902,4,0,0,996317,1
47684.282711,4,0,0,996250,1
47687.593178,4,0,0,996196,1
47690.670176,4,0,0,996026,1
47699.127879,4,0,0,995966,1
47701.519082,4,0,0,995913,1
47701.562598,4,0,0,995905,1
47710.798785,4,0,0,995963,1
47717.276254,4,0,0,995952,1
47723.873389,4,0,0,996065,1
47728.780745,4,0,0,996110,1
47733.542500,4,0,0,996113,1
47733.811991,4,0,0,996117,1
47737.050746,4,0,0,995902,1
47739.707692,4,0,0,995769,1
47741.768874,4,0,0,995812,1
47752.435770,4,0,0,995885,1
47756.681892,4,0,0,996066,1
47771.670405,4,0,0,995938,1
47782.922961,4,0,0,995749,1
47798.972093,4,0,0,995577,1
47805.840574,4,0,0,995526,1
47807.807526,4,0,0,995550,1
47813.546055,4,0,0,995414,1
47821.483757,4,0,0,995496,1
47825.727490,4,0,0,995628,1
47826.655268,4,0,0,995601,1
47828.193388,4,0,0,995500,1
47836.264142,4,0,0,995653,1
47836.752206,4,0,0,995540,1
47844.448212,4,0,0,995731,1
47845.324222,4,0,0,995817,1
47846.883910,4,0,0,995905,1
47863.174546,4,0,0,995888,1
47871.007942,4,0,0,996265,1
47872.374634,4,0,0,996236,1
47880.588730,4,0,0,996387,1
47885.032857,4,0,0,996388,1
47888.313177,4,0,0,996361,1
47893.506545,4,0,0,996400,1
47900.764343,4,0,0,996577,1
47904.667312,4,0,0,996492,1
47908.966390,4,0,0,996401,1
47917.633932,4,0,0,996552,1
47919.066601,4,0,0,996451,1
47921.801754,4,0,0,996432,1
47923.380449,4,0,0,996420,1
47933.678349,4,0,0,996252,1
47936.352299,4,0,0,996269,1
47939.259417,4,0,0,996264,1
47940.596491,4,0,0,996259,1
47943.804921,4,0,0,996183,1
47959.605315,4,0,0,996332,1
47961.320948,4,0,0,996473,1
47969.235263,4,0,0,996659,1
47973.466421,4,0,0,996451,1
47974.444995,4,0,0,996507,1
47990.545200,4,0,0,996713,1
47994.496865,4,0,0,996650,1
48014.270287,4,0,0,996296,1
48025.654426,4,0,0,996216,1
48029.460803,4,0,0,996222,1
48031.879179,4,0,0,996241,1
48042.654583,4,0,0,996207,1
48042.661986,4,0,0,996198,1
48044.093192,4,0,0,996225,1
48049.336874,4,0,0,996049,1
48050.824091,4,0,0,996114,1
48054.608487,4,0,0,996015,1
48057.918279,4,0,0,996064,1
48068.800910,4,0,0,996018,1
48072.590134,4,0,0,995919,1
48075.367062,4,0,0,995809,1
48085.517040,4,0,0,995700,1
48085.675761,4,0,0,995738,1
48088.736847,4,0,0,995697,1
48092.945065,4,0,0,995666,1
48098.033516,4,0,0,995557,1
48099.277900,4,0,0,995577,1
48101.142753,4,0,0,995570,1
48101.933531,4,0,0,995535,1
48104.826037,4,0,0,995490,1
48106.029639,4,0,0,995543,1
48106.465144,4,0,0,995592,1
48112.610015,4,0,0,995521,1
48116.971456,4,0,0,995452,1
48119.916905,4,0,0,995324,1
48121.855485,4,0,0,995382,1
48126.349849,4,0,0,995286,1
48127.158980,4,0,0,995245,1
48127.252974,4,0,0,995242,1
48140.000243,4,0,0,994972,1
48147.838150,4,0,0,995235,1
48149.705920,4,0,0,995241,1
48151.434310,4,0,0,995217,1
48155.608518,4,0,0,995303,1
48162.952783,4,0,0,995134,1
48171.717392,4,0,0,995102,1
48177.091607,4,0,0,995105,1
48183.874180,4,0,0,994945,1
48187.349184,4,0,0,994854,1
48203.899897,4,0,0,995092,1
48206.486413,4,0,0,994975,1
48209.203527,4,0,0,994896,1
48212.965108,4,0,0,994742,1
48218.608286,4,0,0,994882,1
48226.281575,4,0,0,994957,1
48234.281748,4,0,0,994754,1
48252.443074,4,0,0,994767,1
48280.337510,4,0,0,994307,1
48289.227594,4,0,0,994310,1
48290.664809,4,0,0,994340,1
48291.034002,4,0,0,994366,1
48291.401414,4,0,0,994391,1
48296.655792,4,0,0,994216,1
48307.641118,4,0,0,994420,1
48320.571504,4,0,0,994585,1
48324.043852,4,0,0,994669,1
48331.595121,4,0,0,994738,1
48333.828830,4,0,0,994701,1
48338.523210,4,0,0,994588,1
48348.633332,4,0,0,994565,1
48355.900209,4,0,0,994566,1
48358.165266,4,0,0,994586,1
48363.087078,4,0,0,994630,1
48373.457043,4,0,0,994700,1
48379.824032,4,0,0,994909,1
48380.467489,4,0,0,994889,1
48383.896894,4,0,0,995019,1
48384.328640,4,0,0,995004,1
48392.157763,4,0,0,994775,1
48396.727283,4,0,0,994725,1
48403.611145,4,0,0,994600,1
48404.473529,4,0,0,994625,1
48405.855367,4,0,0,994676,1
48423.827463,4,0,0,994573,1
48427.900503,4,0,0,994483,1
48430.731910,4,0,0,994562,1
48431.063209,4,0,0,994555,1
48433.879682,4,0,0,994555,1
48437.195696,4,0,0,994649,1
48446.210965,4,0,0,994978,1
48447.876208,4,0,0,995017,1
48449.107156,4,0,0,994974,1
48452.791496,4,0,0,994939,1
48459.866347,4,0,0,994896,1
48462.337691,4,0,0,994937,1
48463.464422,4,0,0,994987,1
48463.772090,4,0,0,994976,1
48471.525972,4,0,0,995136,1
48473.779780,4,0,0,995163,1
48481.045654,4,0,0,995061,1
48487.414194,4,0,0,995098,1
48500.186703,4,0,0,994753,1
48500.847423,4,0,0,994768,1
48503.406974,4,0,0,994674,1
48503.961214,4,0,0,994726,1
48517.902751,4,0,0,994847,1
48518.443863,4,0,0,994867,1
48522.377258,4,0,0,994819,1
48528.702401,4,0,0,994758,1
48528.975857,4,0,0,994749,1
48529.850504,4,0,0,994699,1
48544.435921,4,0,0,995081,1
48553.766915,4,0,0,995083,1
48561.952909,4,0,0,995188,1
48568.177899,4,0,0,995323,1
48573.444879,4,0,0,995045,1
48580.008355,4,0,0,994941,1
48580.055076,4,0,0,994945,1
48588.473158,4,0,0,995277,1
48591.174051,4,0,0,995273,1
48593.212293,4,0,0,995289,1
48595.319334,4,0,0,995242,1
48599.973885,4,0,0,995245,1
48606.750610,4,0,0,995430,1
48607.217394,4,0,0,995406,1
48610.699579,4,0,0,995556,1
48616.116677,4,0,0,995540,1
48622.350823,4,0,0,995394,1
48623.532063,4,0,0,995349,1
48623.902612,4,0,0,995427,1
48626.885797,4,0,0,995609,1
48627.366559,4,0,0,995600,1
48633.246125,4,0,0,995576,1
48634.593573,4,0,0,995511,1
48639.232217,4,0,0,995552,1
48643.578921,4,0,0,995498,1
48644.835213,4,0,0,995419,1
48648.690230,4,0,0,995404,1
48660.031958,4,0,0,995220,1
48668.779980,4,0,0,995092,1
48689.143622,4,0,0,994832,1
48698.163525,4,0,0,994627,1
48703.305397,4,0,0,994654,1
48711.367810,4,0,0,994876,1
48724.256676,4,0,0,994688,1
48726.127572,4,0,0,994716,1
48729.119055,4,0,0,994734,1
48730.058171,4,0,0,994718,1
48734.860673,4,0,0,994701,1
48742.459427,4,0,0,994730,1
48744.541104,4,0,0,994697,1
48749.098216,4,0,0,994715,1
48753.310574,4,0,0,994754,1
48757.789559,4,0,0,994794,1
48761.718695,4,0,0,994651,1
48795.988199,4,0,0,994425,1
48796.084208,4,0,0,994440,1
48796.141418,4,0,0,994436,1
48796.442325,4,0,0,994420,1
48799.437831,4,0,0,994476,1
48809.006671,4,0,0,994293,1
48811.643079,4,0,0,994320,1
48825.194420,4,0,0,994345,1
48827.412917,4,0,0,994292,1
48828.086274,4,0,0,994360,1
48833.690351,4,0,0,994375,1
48840.123324,4,0,0,994459,1
48842.266069,4,0,0,994430,1
48849.427051,4,0,0,994557,1
48854.690731,4,0,0,994627,1
48855.425806,4,0,0,994594,1
48858.453953,4,0,0,994598,1
48859.619028,4,0,0,994620,1
48859.645399,4,0,0,994619,1
48864.963385,4,0,0,994630,1
48870.006639,4,0,0,994482,1
48870.692539,4,0,0,994515,1
48872.968537,4,0,0,994595,1
48885.154739,4,0,0,994441,1
48892.571293,4,0,0,994491,1
48894.523482,4,0,0,994558,1
48900.136840,4,0,0,994611,1
48902.310174,4,0,0,994533,1
48902.819060,4,0,0,994498,1
48903.395248,4,0,0,994465,1
48904.548068,4,0,0,994563,1
48908.318191,4,0,0,994623,1
48908.325847,4,0,0,994621,1
48911.904185,4,0,0,994683,1
48914.042414,4,0,0,994610,1
48921.443706,4,0,0,994613,1
48924.859726,4,0,0,994605,1
48925.487636,4,0,0,994596,1
48928.107353,4,0,0,994465,1
48929.069711,4,0,0,994372,1
48935.986292,4,0,0,994628,1
48943.646246,4,0,0,994520,1
48948.997732,4,0,0,994682,1
48951.682612,4,0,0,994593,1
48953.898284,4,0,0,994612,1
48954.701300,4,0,0,994612,1
48957.409165,4,0,0,994613,1
48974.662194,4,0,0,994843,1
48977.568478,4,0,0,994725,1
48985.476807,4,0,0,994743,1
48991.652857,4,0,0,994954,1
48994.460170,4,0,0,994728,1
49005.077766,4,0,0,994921,1
49006.818463,4,0,0,994902,1
49007.975778,4,0,0,994841,1
49018.772047,4,0,0,994864,1
49029.769921,4,0,0,994592,1
49034.148137,4,0,0,994431,1
49056.820690,4,0,0,994548,1
49061.782213,4,0,0,994481,1
49063.163664,4,0,0,994438,1
49064.301252,4,0,0,994433,1
49066.681364,4,0,0,994488,1
49070.770067,4,0,0,994608,1
49071.870089,4,0,0,994632,1
49072.565494,4,0,0,994589,1
49073.134504,4,0,0,994639,1
49074.299064,4,0,0,994557,1
49081.812905,4,0,0,994765,1
49091.736143,4,0,0,994672,1
49092.524412,4,0,0,994600,1
49102.083227,4,0,0,994759,1
49106.086493,4,0,0,994715,1
49110.113896,4,0,0,994795,1
49115.980080,4,0,0,995040,1
49130.664937,4,0,0,995190,1
49138.339746,4,0,0,995291,1
49145.471669,4,0,0,995324,1
49146.439212,4,0,0,995309,1
49148.713168,4,0,0,995233,1
49153.260446,4,0,0,995226,1
49160.926982,4,0,0,995249,1
49167.113733,4,0,0,995120,1
49170.452254,4,0,0,995164,1
49170.590390,4,0,0,995159,1
49177.551095,4,0,0,995351,1
49182.219752,4,0,0,995563,1
49182.262686,4,0,0,995552,1
49184.132655,4,0,0,995499,1
49185.855617,4,0,0,995487,1
49189.418202,4,0,0,995368,1
49192.346143,4,0,0,995392,1
49204.374607,4,0,0,995096,1
49209.761716,4,0,0,995065,1
49210.143938,4,0,0,995112,1
49225.920926,4,0,0,994930,1
49230.198411,4,0,0,994931,1
49230.797073,4,0,0,994971,1
49236.575823,4,0,0,994954,1
49240.117921,4,0,0,994983,1
49245.942796,4,0,0,994677,1
49254.082148,4,0,0,994534,1
49254.776348,4,0,0,994506,1
49257.745732,4,0,0,994519,1
49258.866566,4,0,0,994525,1
49259.091182,4,0,0,994504,1
49262.543365,4,0,0,994471,1
49262.822848,4,0,0,994418,1
49263.495364,4,0,0,994377,1
49266.789598,4,0,0,994273,1
49267.826716,4,0,0,994272,1
49270.778492,4,0,0,994181,1
49274.578565,4,0,0,994090,1
49276.772624,4,0,0,994078,1
49276.985155,4,0,0,994117,1
49277.002612,4,0,0,994112,1
49282.116745,4,0,0,994137,1
49291.020461,4,0,0,994186,1
49293.300760,4,0,0,994118,1
49296.306642,4,0,0,994236,1
49296.904482,4,0,0,994333,1
49298.608855,4,0,0,994359,1
49302.516769,4,0,0,994282,1
49308.602199,4,0,0,994189,1
49313.171802,4,0,0,994263,1
49319.969357,4,0,0,994183,1
49331.667256,4,0,0,994029,1
49349.746205,4,0,0,993683,1
49349.902811,4,0,0,993659,1
49353.485231,4,0,0,993592,1
49355.316641,4,0,0,993533,1
49369.615955,4,0,0,993315,1
49373.702453,4,0,0,993289,1
49385.783195,4,0,0,993383,1
49386.204435,4,0,0,993408,1
49386.252532,4,0,0,993397,1
49412.070735,4,0,0,993580,1
49421.848213,4,0,0,993614,1
49427.997152,4,0,0,993503,1
49443.566420,4,0,0,993499,1
49444.792583,4,0,0,993488,1
49445.224538,4,0,0,993507,1
49448.306712,4,0,0,993457,1
49449.480072,4,0,0,993421,1
49453.757595,4,0,0,993224,1
49461.465304,4,0,0,993268,1
49466.576208,4,0,0,993188,1
49468.784714,4,0,0,993165,1
49475.430222,4,0,0,992964,1
49477.592262,4,0,0,993032,1
49484.119605,4,0,0,992971,1
49484.781552,4,0,0,992905,1
49488.568687,4,0,0,992944,1
49489.153524,4,0,0,992987,1
49499.746379,4,0,0,993068,1
49503.917287,4,0,0,992993,1
49511.676648,4,0,0,993059,1
49511.796271,4,0,0,993025,1
49511.982093,4,0,0,993030,1
49513.200974,4,0,0,993042,1
49513.897805,4,0,0,993155,1
49517.392359,4,0,0,993207,1
49517.710685,4,0,0,993204,1
49521.821741,4,0,0,993076,1
49521.954402,4,0,0,993058,1
49529.654402,4,0,0,993006,1
49533.211297,4,0,0,993142,1
49534.302294,4,0,0,993198,1
49549.056034,4,0,0,993092,1
49549.148756,4,0,0,993089,1
49553.001042,4,0,0,993101,1
49555.164467,4,0,0,993176,1
49565.803522,4,0,0,993175,1
49570.168387,4,0,0,993227,1
49572.703837,4,0,0,993200,1
49579.295546,4,0,0,993189,1
49579.839085,4,0,0,993167,1
49591.378947,4,0,0,992935,1
49592.482591,4,0,0,992908,1
49599.017468,4,0,0,992918,1
49600.531893,4,0,0,992959,1
49603.852948,4,0,0,992861,1
49605.366813,4,0,0,992962,1
49607.210174,4,0,0,992959,1
49607.228615,4,0,0,992955,1
49609.455036,4,0,0,992938,1
49614.977982,4,0,0,993100,1
49616.183107,4,0,0,993013,1
49627.044072,4,0,0,993021,1
49632.135567,4,0,0,993103,1
49633.678379,4,0,0,993264,1
49635.659492,4,0,0,993310,1
49644.705554,4,0,0,993211,1
49645.548536,4,0,0,993197,1
49648.246707,4,0,0,993015,1
49657.802159,4,0,0,992900,1
49660.027146,4,0,0,993013,1
49664.051200,4,0,0,993036,1
49667.363676,4,0,0,993001,1
49668.311343,4,0,0,993033,1
49668.966260,4,0,0,993020,1
49678.736703,4,0,0,993113,1
49687.194042,4,0,0,993015,1
49697.624136,4,0,0,992851,1
49700.505604,4,0,0,992795,1
49720.486449,4,0,0,992602,1
49724.495629,4,0,0,992696,1
49730.530345,4,0,0,992780,1
49733.870535,4,0,0,992840,1
49736.118853,4,0,0,992782,1
49737.604792,4,0,0,992852,1
49739.219762,4,0,0,992840,1
49746.734638,4,0,0,992884,1
49747.642171,4,0,0,992986,1
49752.247373,4,0,0,992987,1
49754.283437,4,0,0,993073,1
49755.121127,4,0,0,993109,1
49755.389887,4,0,0,993125,1
49759.172850,4,0,0,993244,1
49761.869024,4,0,0,993282,1
49777.934141,4,0,0,993193,1
49781.854975,4,0,0,993036,1
49782.393059,4,0,0,993018,1
49798.428432,4,0,0,992976,1
49802.818471,4,0,0,993062,1
49811.157861,4,0,0,993167,1
49819.847558,4,0,0,993154,1
49820.344306,4,0,0,993212,1
49824.657617,4,0,0,993097,1
49829.739964,4,0,0,993205,1
49830.109629,4,0,0,993226,1
49837.748024,4,0,0,993409,1
49840.637876,4,0,0,993403,1
49848.289537,4,0,0,993391,1
49849.632783,4,0,0,993435,1
49852.319468,4,0,0,993381,1
49852.921372,4,0,0,993421,1
49853.639050,4,0,0,993351,1
49862.804561,4,0,0,993317,1
49864.940639,4,0,0,993317,1
49873.017090,4,0,0,993569,1
49878.176777,4,0,0,993752,1
49891.963153,4,0,0,993660,1
49894.724151,4,0,0,993593,1
49900.532649,4,0,0,993419,1
49931.423327,4,0,0,993589,1
49934.898883,4,0,0,993463,1
49937.877019,4,0,0,993453,1
49938.405997,4,0,0,993465,1
49942.043269,4,0,0,993507,1
49942.416907,4,0,0,993564,1
49944.120592,4,0,0,993526,1
49944.550083,4,0,0,993529,1
49947.319319,4,0,0,993488,1
49948.064823,4,0,0,993494,1
49966.343173,4,0,0,993865,1
49966.449478,4,0,0,993864,1
49971.686288,4,0,0,993924,1
49977.364103,4,0,0,994007,1
49978.132283,4,0,0,994002,1
49980.426645,4,0,0,994067,1
49983.370429,4,0,0,994057,1
49983.606209,4,0,0,994052,1
49989.451405,4,0,0,993943,1
49996.743958,4,0,0,993937,1
49999.431587,4,0,0,993865,1
49999.763888,4,0,0,993809,1
50003.304015,4,0,0,993709,1
50008.074019,4,0,0,993541,1
50008.391709,4,0,0,993498,1
50011.591388,4,0,0,993473,1
50017.541828,4,0,0,993430,1
50026.864228,4,0,0,993305,1
50029.636462,4,0,0,993231,1
50037.352221,4,0,0,993309,1
50048.261549,4,0,0,993438,1
50052.918720,4,0,0,993510,1
50067.019954,4,0,0,993520,1
50073.355428,4,0,0,993572,1
50084.282952,4,0,0,993387,1
50089.183964,4,0,0,993406,1
50094.620419,4,0,0,993426,1
50101.364627,4,0,0,993527,1
50111.095217,4,0,0,993701,1
50115.297050,4,0,0,993517,1
50120.913306,4,0,0,993519,1
50121.813606,4,0,0,993475,1
50127.212870,4,0,0,993606,1
50128.677908,4,0,0,993606,1
50130.815291,4,0,0,993674,1
50137.658186,4,0,0,993809,1
50142.465298,4,0,0,993812,1
50156.642551,4,0,0,993694,1
50157.506928,4,0,0,993735,1
50158.560252,4,0,0,993700,1
50165.457058,4,0,0,993507,1
50170.385558,4,0,0,993539,1
50199.910272,4,0,0,993798,1
50201.417482,4,0,0,993787,1
50204.464304,4,0,0,993656,1
50204.751427,4,0,0,993644,1
50220.440865,4,0,0,993685,1
50226.216104,4,0,0,993732,1
50229.302900,4,0,0,993717,1
50229.955947,4,0,0,993725,1
50240.206123,4,0,0,993541,1
50246.605491,4,0,0,993370,1
50251.287183,4,0,0,993163,1
50254.304807,4,0,0,993155,1
50262.538779,4,0,0,993097,1
50271.389783,4,0,0,993108,1
50279.774336,4,0,0,993278,1
50282.957075,4,0,0,993221,1
50288.397381,4,0,0,993175,1
50294.627947,4,0,0,993087,1
50296.486880,4,0,0,993023,1
50303.184049,4,0,0,992939,1
50307.153808,4,0,0,992876,1
50310.517599,4,0,0,992702,1
50313.464293,4,0,0,992693,1
50314.440588,4,0,0,992602,1
50329.517222,4,0,0,992426,1
50330.183467,4,0,0,992404,1
50330.876960,4,0,0,992402,1
50334.147868,4,0,0,992369,1
50336.151924,4,0,0,992277,1
50337.043200,4,0,0,992298,1
50340.804236,4,0,0,992499,1
50342.345018,4,0,0,992533,1
50347.723932,4,0,0,992573,1
50349.808997,4,0,0,992596,1
50353.924781,4,0,0,992567,1
50360.917506,4,0,0,992568,1
50362.003845,4,0,0,992470,1
50362.051002,4,0,0,992482,1
50362.720189,4,0,0,992470,1
50366.450000,4,0,0,992327,1
50376.467223,4,0,0,992233,1
50379.760086,4,0,0,992334,1
50381.490844,4,0,0,992312,1
50391.094464,4,0,0,992335,1
50391.198029,4,0,0,992340,1
50391.840628,4,0,0,992373,1
50421.138313,4,0,0,992283,1
50423.068397,4,0,0,992290,1
50423.074245,4,0,0,992290,1
50429.936949,4,0,0,992285,1
50431.176018,4,0,0,992258,1
50434.920963,4,0,0,992270,1
50449.348057,4,0,0,991896,1
50451.684157,4,0,0,991754,1
50451.790938,4,0,0,991759,1
50451.991745,4,0,0,991772,1
50453.549605,4,0,0,991745,1
50454.747469,4,0,0,991805,1
50457.371615,4,0,0,991783,1
50463.224811,4,0,0,991786,1
50480.251189,4,0,0,991906,1
50481.488901,4,0,0,992049,1
50491.854430,4,0,0,991947,1
50497.986269,4,0,0,991637,1
50501.132208,4,0,0,991691,1
50508.892671,4,0,0,991541,1
50510.754166,4,0,0,991578,1
50516.801770,4,0,0,991714,1
50522.719901,4,0,0,991830,1
50523.802813,4,0,0,991856,1
50528.286874,4,0,0,991846,1
50534.291007,4,0,0,991935,1
50544.901041,4,0,0,991845,1
50553.443238,4,0,0,991765,1
50555.719489,4,0,0,991847,1
50562.539505,4,0,0,991932,1
50566.872525,4,0,0,992078,1
50567.475736,4,0,0,992063,1
50571.241291,4,0,0,992151,1
50571.790786,4,0,0,992116,1
50583.473044,4,0,0,992179,1
50584.628703,4,0,0,992286,1
50587.635230,4,0,0,992266,1
50590.012497,4,0,0,992253,1
50593.858612,4,0,0,992205,1
50600.852570,4,0,0,992156,1
50601.978217,4,0,0,992117,1
50610.050083,4,0,0,992053,1
50610.440828,4,0,0,992082,1
50611.704495,4,0,0,992009,1
50611.808250,4,0,0,992008,1
50612.011936,4,0,0,992001,1
50612.499044,4,0,0,992015,1
50614.727636,4,0,0,992033,1
50619.012155,4,0,0,992084,1
50658.807845,4,0,0,991730,1
50663.268960,4,0,0,991725,1
50665.244139,4,0,0,991735,1
50666.107697,4,0,0,991748,1
50669.417736,4,0,0,991613,1
50669.586031,4,0,0,991608,1
50674.959153,4,0,0,991658,1
50679.865190,4,0,0,991612,1
50680.908673,4,0,0,991561,1
50684.481509,4,0,0,991525,1
50691.324369,4,0,0,991465,1
50691.612902,4,0,0,991492,1
50693.402494,4,0,0,991526,1
50694.492258,4,0,0,991510,1
50700.155215,4,0,0,991721,1
50711.416990,4,0,0,991713,1
50716.166787,4,0,0,991871,1
50728.122368,4,0,0,992139,1
50729.379245,4,0,0,992123,1
50735.382284,4,0,0,992005,1
50736.048989,4,0,0,992060,1
50737.794630,4,0,0,992014,1
50744.107853,4,0,0,991925,1
50751.710881,4,0,0,991987,1
50752.492393,4,0,0,992020,1
50761.736230,4,0,0,992104,1
50763.170940,4,0,0,992115,1
50766.725522,4,0,0,992170,1
50776.343763,4,0,0,992107,1
50784.385803,4,0,0,992142,1
50788.268193,4,0,0,992092,1
50788.822905,4,0,0,992045,1
50805.164729,4,0,0,992191,1
50813.253718,4,0,0,992263,1
50813.858850,4,0,0,992249,1
50816.914155,4,0,0,992323,1
50825.125542,4,0,0,992451,1
50825.248590,4,0,0,992445,1
50829.623605,4,0,0,992481,1
50831.992574,4,0,0,992555,1
50833.107105,4,0,0,992627,1
50834.113693,4,0,0,992626,1
50845.121887,4,0,0,992764,1
50847.940835,4,0,0,992873,1
50853.164876,4,0,0,992779,1
50853.914414,4,0,0,992775,1
50858.700999,4,0,0,992924,1
50863.290817,4,0,0,992918,1
50872.069771,4,0,0,992873,1
50879.946785,4,0,0,992872,1
50882.070999,4,0,0,992775,1
50884.588252,4,0,0,992853,1
50897.405525,4,0,0,992591,1
50911.947203,4,0,0,992510,1
50915.682895,4,0,0,992531,1
50917.574910,4,0,0,992730,1
50918.247722,4,0,0,992677,1
50925.039369,4,0,0,992928,1
50939.205201,4,0,0,993026,1
50939.291584,4,0,0,993035,1
50941.294374,4,0,0,993041,1
50943.681702,4,0,0,993104,1
50944.853514,4,0,0,993082,1
50949.859387,4,0,0,993097,1
50956.540856,4,0,0,993175,1
50963.987138,4,0,0,993299,1
50966.471292,4,0,0,993260,1
50975.843159,4,0,0,993070,1
50987.232287,4,0,0,993052,1
50989.125554,4,0,0,993088,1
50998.070133,4,0,0,993259,1
51009.032894,4,0,0,993429,1
51009.351441,4,0,0,993441,1
51017.554615,4,0,0,993610,1
51032.050488,4,0,0,993462,1
51035.613776,4,0,0,993525,1
51037.620413,4,0,0,993377,1
51054.931567,4,0,0,993426,1
51059.308332,4,0,0,993371,1
51060.798184,4,0,0,993338,1
51069.351494,4,0,0,993224,1
51074.931896,4,0,0,993196,1
51075.688855,4,0,0,993266,1
51076.048768,4,0,0,993267,1
51081.722641,4,0,0,993305,1
51088.133189,4,0,0,993250,1
51092.570368,4,0,0,993295,1
51093.330859,4,0,0,993243,1
51097.095785,4,0,0,993349,1
51097.234312,4,0,0,993342,1
51100.219254,4,0,0,993276,1
51101.454907,4,0,0,993202,1
51106.326939,4,0,0,993143,1
51115.520238,4,0,0,992854,1
51116.947707,4,0,0,992798,1
51118.441767,4,0,0,992687,1
51123.874369,4,0,0,992782,1
51129.763664,4,0,0,993057,1
51132.265324,4,0,0,992912,1
51137.418373,4,0,0,992792,1
51154.677512,4,0,0,992997,1
51156.543873,4,0,0,992963,1
51157.605029,4,0,0,993023,1
51159.271951,4,0,0,992929,1
51165.633595,4,0,0,992930,1
51167.892450,4,0,0,992905,1
51189.026811,4,0,0,993164,1
51192.402075,4,0,0,993067,1
51195.908495,4,0,0,992942,1
51214.750272,4,0,0,992980,1
51224.195437,4,0,0,992937,1
51224.524907,4,0,0,992968,1
51228.983784,4,0,0,992998,1
51235.366979,4,0,0,992988,1
51237.856943,4,0,0,993007,1
51238.311645,4,0,0,993017,1
51240.346789,4,0,0,992945,1
51243.232867,4,0,0,992910,1
51245.596710,4,0,0,992724,1
51252.216146,4,0,0,992571,1
51258.478527,4,0,0,992755,1
51275.111797,4,0,0,992798,1
51277.412328,4,0,0,992748,1
51285.188300,4,0,0,992602,1
51292.030706,4,0,0,992698,1
51300.531701,4,0,0,992798,1
51306.093204,4,0,0,992961,1
51306.701873,4,0,0,992873,1
51306.810693,4,0,0,992878,1
51308.707079,4,0,0,992914,1
51314.365335,4,0,0,992649,1
51316.123890,4,0,0,992696,1
51316.558265,4,0,0,992655,1
51322.142971,4,0,0,992542,1
51340.520592,4,0,0,992373,1
51341.501983,4,0,0,992373,1
51344.721271,4,0,0,992472,1
51348.717550,4,0,0,992260,1
51349.097474,4,0,0,992296,1
51354.611685,4,0,0,992254,1
51364.147927,4,0,0,992126,1
51365.760517,4,0,0,992032,1
51369.192426,4,0,0,992007,1
51375.506424,4,0,0,991893,1
51380.850022,4,0,0,991981,1
51382.241076,4,0,0,991937,1
51391.772796,4,0,0,992239,1
51393.012980,4,0,0,992237,1
51395.956573,4,0,0,992191,1
51397.166683,4,0,0,992186,1
51398.786902,4,0,0,992333,1
51401.236213,4,0,0,992338,1
51401.781802,4,0,0,992323,1
51414.068395,4,0,0,992327,1
51422.228185,4,0,0,992309,1
51422.460435,4,0,0,992262,1
