34199.000000,1,0,100,999000,1
34199.000000,1,0,100,999100,1
34199.000000,1,0,100,999200,1
34199.000000,1,0,100,999300,1
34199.000000,1,0,100,999400,1
34199.000000,1,0,100,999500,1
34199.000000,1,0,100,999600,1
34199.000000,1,0,100,999700,1
34199.000000,1,0,100,999800,1
34199.000000,1,0,100,999900,1
34199.000000,1,0,100,1000100,-1
34199.000000,1,0,100,1000200,-1
34199.000000,1,0,100,1000300,-1
34199.000000,1,0,100,1000400,-1
34199.000000,1,0,100,1000500,-1
34199.000000,1,0,100,1000600,-1
34199.000000,1,0,100,1000700,-1
34199.000000,1,0,100,1000800,-1
34199.000000,1,0,100,1000900,-1
34199.000000,1,0,100,1001000,-1
34200.000000,4,0,0,1000000,1
34205.886608,4,0,0,999966,1
34207.529806,4,0,0,999943,1
34210.947699,4,0,0,999936,1
34221.628278,4,0,0,999834,1
34232.460650,4,0,0,999827,1
34233.102128,4,0,0,999808,1
34234.212228,4,0,0,999739,1
34234.464798,4,0,0,999762,1
34237.243248,4,0,0,999835,1
34237.388233,4,0,0,999868,1
34240.305653,4,0,0,999872,1
34245.312127,4,0,0,999827,1
34246.872344,4,0,0,999793,1
34252.263222,4,0,0,999614,1
34256.535131,4,0,0,999717,1
34256.651161,4,0,0,999698,1
34260.563016,4,0,0,999581,1
34261.997472,4,0,0,999569,1
34264.561064,4,0,0,999689,1
34266.154774,4,0,0,999704,1
34271.801660,4,0,0,999583,1
34274.577067,4,0,0,999524,1
34275.392685,4,0,0,999553,1
34279.153048,4,0,0,999538,1
34286.397422,4,0,0,999436,1
34288.145981,4,0,0,999421,1
34289.345640,4,0,0,999462,1
34291.692505,4,0,0,999614,1
34304.860854,4,0,0,999391,1
34322.687915,4,0,0,999265,1
34328.021975,4,0,0,999174,1
34339.165759,4,0,0,998775,1
34348.100469,4,0,0,998643,1
34350.370040,4,0,0,998567,1
34350.832505,4,0,0,998606,1
34355.897466,4,0,0,998594,1
34359.798354,4,0,0,998437,1
34361.943307,4,0,0,998486,1
34363.162028,4,0,0,998467,1
34365.656001,4,0,0,998331,1
34368.681171,4,0,0,998282,1
34370.180485,4,0,0,998247,1
34371.829674,4,0,0,998192,1
34374.754608,4,0,0,998197,1
34384.170892,4,0,0,997861,1
34388.389243,4,0,0,997838,1
34389.982705,4,0,0,997903,1
34391.539546,4,0,0,997958,1
34394.437546,4,0,0,998055,1
34395.536609,4,0,0,998115,1
34396.611480,4,0,0,998193,1
34400.060818,4,0,0,998092,1
34400.497092,4,0,0,998120,1
34403.655934,4,0,0,997958,1
34405.805467,4,0,0,997916,1
34411.684527,4,0,0,997690,1
34418.249203,4,0,0,997831,1
34423.864340,4,0,0,997995,1
34429.449974,4,0,0,997977,1
34431.685897,4,0,0,998111,1
34436.958363,4,0,0,998039,1
34438.943431,4,0,0,998051,1
34443.008767,4,0,0,998070,1
34444.893230,4,0,0,997999,1
34447.708882,4,0,0,998038,1
34448.012427,4,0,0,998092,1
34449.341092,4,0,0,998034,1
34466.364861,4,0,0,998234,1
34467.617813,4,0,0,998227,1
34473.238904,4,0,0,998441,1
34478.263571,4,0,0,998499,1
34484.416071,4,0,0,998586,1
34487.496904,4,0,0,998645,1
34491.837071,4,0,0,998673,1
34492.168408,4,0,0,998633,1
34492.528483,4,0,0,998675,1
34493.588995,4,0,0,998605,1
34494.376312,4,0,0,998616,1
34494.880490,4,0,0,998639,1
34495.542284,4,0,0,998605,1
34499.394095,4,0,0,998621,1
34500.388464,4,0,0,998680,1
34514.913286,4,0,0,998684,1
34520.383919,4,0,0,998583,1
34524.106334,4,0,0,998305,1
34529.977126,4,0,0,998192,1
34531.441581,4,0,0,998157,1
34543.934326,4,0,0,998076,1
34552.670019,4,0,0,997942,1
34558.863914,4,0,0,997995,1
34561.991888,4,0,0,997947,1
34570.814877,4,0,0,997939,1
34577.342067,4,0,0,998032,1
34582.503361,4,0,0,997939,1
34594.229277,4,0,0,997899,1
34599.029394,4,0,0,998140,1
34601.207223,4,0,0,998206,1
34605.054401,4,0,0,998083,1
34606.099450,4,0,0,998079,1
34607.118941,4,0,0,998109,1
34613.301499,4,0,0,998267,1
34620.647512,4,0,0,998293,1
34637.755467,4,0,0,998196,1
34646.854757,4,0,0,998094,1
34650.604061,4,0,0,998159,1
34651.053767,4,0,0,998170,1
34654.261805,4,0,0,998126,1
34666.834188,4,0,0,998103,1
34674.240175,4,0,0,998053,1
34677.413002,4,0,0,998120,1
34680.316767,4,0,0,998064,1
34681.492084,4,0,0,998091,1
34682.424463,4,0,0,998133,1
34682.790013,4,0,0,998148,1
34693.445930,4,0,0,998021,1
34698.331768,4,0,0,998174,1
34699.071259,4,0,0,998145,1
34701.626896,4,0,0,998181,1
34701.867597,4,0,0,998163,1
34702.990559,4,0,0,998072,1
34709.261725,4,0,0,998105,1
34714.295234,4,0,0,998141,1
34717.411620,4,0,0,998137,1
34718.947342,4,0,0,998155,1
34723.995950,4,0,0,998087,1
34738.975679,4,0,0,997957,1
34741.709128,4,0,0,997945,1
34742.056697,4,0,0,998002,1
34742.340940,4,0,0,998024,1
34742.754444,4,0,0,998008,1
34758.105807,4,0,0,998130,1
34761.825527,4,0,0,998087,1
34770.510051,4,0,0,998027,1
34771.400900,4,0,0,998068,1
34772.842412,4,0,0,998038,1
34778.471256,4,0,0,997844,1
34789.270430,4,0,0,997705,1
34791.261583,4,0,0,997714,1
34791.581170,4,0,0,997718,1
34801.121958,4,0,0,997918,1
34802.764939,4,0,0,997874,1
34809.223892,4,0,0,997973,1
34810.046125,4,0,0,997993,1
34815.721532,4,0,0,997980,1
34824.523872,4,0,0,998111,1
34830.732330,4,0,0,998177,1
34832.858922,4,0,0,998116,1
34839.059287,4,0,0,998254,1
34839.777260,4,0,0,998203,1
34841.577475,4,0,0,998209,1
34844.177833,4,0,0,998211,1
34854.202910,4,0,0,998285,1
34855.000830,4,0,0,998253,1
34865.140663,4,0,0,998255,1
34872.809087,4,0,0,998241,1
34889.836509,4,0,0,998458,1
34892.027642,4,0,0,998401,1
34893.123874,4,0,0,998405,1
34894.439271,4,0,0,998391,1
34902.849506,4,0,0,998209,1
34918.905273,4,0,0,998754,1
34924.641340,4,0,0,998748,1
34927.790117,4,0,0,998618,1
34929.407400,4,0,0,998709,1
34937.982190,4,0,0,998556,1
34947.815264,4,0,0,998620,1
34948.277278,4,0,0,998649,1
34949.440166,4,0,0,998615,1
34957.959895,4,0,0,998557,1
34966.974383,4,0,0,998481,1
34968.780410,4,0,0,998473,1
34970.345979,4,0,0,998372,1
34973.039747,4,0,0,998273,1
34976.745806,4,0,0,998262,1
34977.225942,4,0,0,998298,1
34985.894311,4,0,0,998397,1
34989.551718,4,0,0,998564,1
34996.681144,4,0,0,998661,1
34997.935662,4,0,0,998633,1
35014.000401,4,0,0,998616,1
35020.646570,4,0,0,998358,1
35022.655194,4,0,0,998292,1
35036.836070,4,0,0,998110,1
35042.599221,4,0,0,998146,1
35051.375752,4,0,0,998249,1
35051.598332,4,0,0,998236,1
35051.871985,4,0,0,998220,1
35058.361587,4,0,0,998028,1
35060.098603,4,0,0,998021,1
35063.575060,4,0,0,998047,1
35064.387248,4,0,0,998068,1
35082.620806,4,0,0,997916,1
35085.960422,4,0,0,998100,1
35094.402371,4,0,0,998280,1
35094.770057,4,0,0,998277,1
35097.885867,4,0,0,998232,1
35098.193236,4,0,0,998224,1
35108.500105,4,0,0,998255,1
35111.321490,4,0,0,998255,1
35111.660931,4,0,0,998270,1
35112.041325,4,0,0,998294,1
35115.740603,4,0,0,998427,1
35116.116187,4,0,0,998463,1
35117.086824,4,0,0,998458,1
35119.827362,4,0,0,998491,1
35123.119456,4,0,0,998458,1
35127.303951,4,0,0,998401,1
35131.935456,4,0,0,998609,1
35134.165365,4,0,0,998575,1
35138.774550,4,0,0,998791,1
35139.592306,4,0,0,998776,1
35141.132829,4,0,0,998792,1
35148.795407,4,0,0,998946,1
35149.589652,4,0,0,998947,1
35150.797705,4,0,0,998969,1
35152.128281,4,0,0,998955,1
35155.249522,4,0,0,998914,1
35155.253087,4,0,0,998914,1
35155.400217,4,0,0,998901,1
35158.359310,4,0,0,999043,1
35159.207085,4,0,0,999035,1
35164.646145,4,0,0,999237,1
35172.226000,4,0,0,998869,1
35176.351796,4,0,0,998873,1
35182.024094,4,0,0,998941,1
35184.394343,4,0,0,998919,1
35184.620925,4,0,0,998946,1
35187.387523,4,0,0,999000,1
35189.611101,4,0,0,998980,1
35193.955293,4,0,0,999026,1
35194.644198,4,0,0,999143,1
35195.879344,4,0,0,999157,1
35203.939495,4,0,0,999201,1
35205.406800,4,0,0,999175,1
35207.931480,4,0,0,999186,1
35221.069011,4,0,0,998955,1
35222.609825,4,0,0,998943,1
35223.360251,4,0,0,999050,1
35229.147537,4,0,0,999180,1
35233.149216,4,0,0,999244,1
35237.669680,4,0,0,999362,1
35237.874931,4,0,0,999405,1
35240.456256,4,0,0,999453,1
35240.476693,4,0,0,999467,1
35241.829783,4,0,0,999530,1
35247.682256,4,0,0,999550,1
35247.985861,4,0,0,999597,1
35249.654668,4,0,0,999445,1
35270.841010,4,0,0,999314,1
35287.801177,4,0,0,999371,1
35290.943949,4,0,0,999290,1
35297.304434,4,0,0,999271,1
35302.091393,4,0,0,999202,1
35305.087425,4,0,0,999146,1
35314.386319,4,0,0,999560,1
35315.291499,4,0,0,999589,1
35323.717564,4,0,0,999581,1
35323.923009,4,0,0,999611,1
35333.564546,4,0,0,999574,1
35338.951612,4,0,0,999676,1
35341.773894,4,0,0,999705,1
35347.096100,4,0,0,999892,1
35350.044733,4,0,0,999769,1
35357.282334,4,0,0,999871,1
35357.857899,4,0,0,999876,1
35361.249770,4,0,0,999769,1
35371.057111,4,0,0,999933,1
35383.602568,4,0,0,999777,1
35384.792275,4,0,0,999865,1
35386.179714,4,0,0,999895,1
35397.381821,4,0,0,1000008,1
35399.408112,4,0,0,1000013,1
35399.687999,4,0,0,1000037,1
35405.686271,4,0,0,999807,1
35408.244290,4,0,0,999813,1
35414.598103,4,0,0,999733,1
35417.697211,4,0,0,999757,1
35421.015865,4,0,0,999752,1
35423.599609,4,0,0,999801,1
35425.239979,4,0,0,999747,1
35436.280436,4,0,0,1000050,1
35441.562314,4,0,0,1000315,1
35448.995706,4,0,0,1000283,1
35459.802631,4,0,0,1000276,1
35461.178956,4,0,0,1000292,1
35473.241232,4,0,0,1000506,1
35482.729035,4,0,0,1000792,1
35486.100810,4,0,0,1000679,1
35490.111724,4,0,0,1000615,1
35490.695319,4,0,0,1000574,1
35497.559263,4,0,0,1000425,1
35498.468527,4,0,0,1000346,1
35502.116709,4,0,0,1000379,1
35502.762847,4,0,0,1000332,1
35503.124752,4,0,0,1000377,1
35507.613735,4,0,0,1000471,1
35510.843612,4,0,0,1000377,1
35516.213203,4,0,0,1000255,1
35523.692582,4,0,0,1000169,1
35543.081821,4,0,0,1000468,1
35543.501634,4,0,0,1000440,1
35548.269844,4,0,0,1000275,1
35552.382192,4,0,0,1000268,1
35557.409120,4,0,0,1000308,1
35561.154081,4,0,0,1000242,1
35565.049854,4,0,0,1000400,1
35574.749257,4,0,0,1000433,1
35577.624433,4,0,0,1000470,1
35581.284313,4,0,0,1000386,1
35586.897451,4,0,0,1000378,1
35587.345604,4,0,0,1000373,1
35590.048705,4,0,0,1000185,1
35590.563677,4,0,0,1000195,1
35591.272453,4,0,0,1000119,1
35591.282624,4,0,0,1000119,1
35592.407601,4,0,0,1000040,1
35593.574683,4,0,0,1000149,1
35597.045803,4,0,0,1000178,1
35601.082295,4,0,0,1000263,1
35609.385397,4,0,0,1000391,1
35612.573259,4,0,0,1000271,1
35623.187664,4,0,0,999896,1
35625.590222,4,0,0,999870,1
35632.114775,4,0,0,999982,1
35635.961020,4,0,0,999990,1
35640.634431,4,0,0,1000073,1
35642.141316,4,0,0,1000130,1
35655.401561,4,0,0,999854,1
35662.419442,4,0,0,999891,1
35663.171575,4,0,0,999976,1
35666.856796,4,0,0,999920,1
35693.000602,4,0,0,999397,1
35693.241039,4,0,0,999391,1
35694.965239,4,0,0,999361,1
35701.419228,4,0,0,999413,1
35701.611179,4,0,0,999394,1
35708.174437,4,0,0,999405,1
35712.246798,4,0,0,999182,1
35718.535704,4,0,0,999289,1
35722.361423,4,0,0,999444,1
35735.762238,4,0,0,999680,1
35737.794992,4,0,0,999572,1
35741.879113,4,0,0,999603,1
35742.128221,4,0,0,999529,1
35745.981692,4,0,0,999556,1
35748.580487,4,0,0,999551,1
35768.102506,4,0,0,999329,1
35782.019599,4,0,0,999393,1
35782.730979,4,0,0,999399,1
35782.934159,4,0,0,999420,1
35783.548871,4,0,0,999425,1
35784.572356,4,0,0,999437,1
35790.763605,4,0,0,999195,1
35794.516929,4,0,0,999083,1
35798.176293,4,0,0,999038,1
35801.161993,4,0,0,999064,1
35801.194099,4,0,0,999064,1
35803.576245,4,0,0,999180,1
35836.309765,4,0,0,998934,1
35844.514241,4,0,0,998902,1
35848.580325,4,0,0,998928,1
35849.625864,4,0,0,998916,1
35861.726978,4,0,0,999004,1
35864.365075,4,0,0,998958,1
35868.981672,4,0,0,999112,1
35870.066903,4,0,0,999095,1
35871.967406,4,0,0,999172,1
35873.989580,4,0,0,999170,1
35876.389698,4,0,0,999286,1
35876.497166,4,0,0,999263,1
35881.658758,4,0,0,999321,1
35882.549355,4,0,0,999301,1
35886.968827,4,0,0,999325,1
35891.588603,4,0,0,999453,1
35897.310324,4,0,0,999316,1
35898.960447,4,0,0,999231,1
35900.611251,4,0,0,999167,1
35907.344648,4,0,0,999201,1
35909.693489,4,0,0,999056,1
35910.484202,4,0,0,999060,1
35921.749088,4,0,0,998846,1
35921.812037,4,0,0,998832,1
35932.212433,4,0,0,998775,1
35933.864754,4,0,0,998799,1
35936.163856,4,0,0,998752,1
35954.496593,4,0,0,998652,1
35957.239834,4,0,0,998649,1
35963.254822,4,0,0,998618,1
35965.796250,4,0,0,998405,1
35977.497809,4,0,0,998337,1
35983.573895,4,0,0,998350,1
35986.706027,4,0,0,998448,1
35987.126576,4,0,0,998515,1
35989.287046,4,0,0,998564,1
35992.511323,4,0,0,998572,1
35994.107295,4,0,0,998512,1
35997.763732,4,0,0,998522,1
35998.888374,4,0,0,998563,1
36002.147714,4,0,0,998679,1
36005.736477,4,0,0,998596,1
36011.084798,4,0,0,998625,1
36017.623491,4,0,0,998731,1
36023.881639,4,0,0,998965,1
36026.519477,4,0,0,998986,1
36029.429151,4,0,0,998940,1
36039.312131,4,0,0,998833,1
36041.466251,4,0,0,998807,1
36047.869234,4,0,0,998726,1
36072.377557,4,0,0,998935,1
36084.746838,4,0,0,999124,1
36088.555605,4,0,0,999195,1
36090.295543,4,0,0,999273,1
36094.949774,4,0,0,999224,1
36100.460962,4,0,0,999269,1
36104.039175,4,0,0,999232,1
36106.036045,4,0,0,999235,1
36108.941102,4,0,0,999339,1
36109.348979,4,0,0,999338,1
36110.994723,4,0,0,999219,1
36111.742951,4,0,0,999208,1
36116.991652,4,0,0,999126,1
36132.287223,4,0,0,998832,1
36133.104923,4,0,0,998797,1
36133.242118,4,0,0,998815,1
36139.706147,4,0,0,999029,1
36141.796013,4,0,0,998994,1
36145.166637,4,0,0,999086,1
36145.467734,4,0,0,999118,1
36146.403318,4,0,0,999062,1
36152.087240,4,0,0,999058,1
36156.529785,4,0,0,999053,1
36165.707978,4,0,0,999080,1
36181.456951,4,0,0,998765,1
36183.587330,4,0,0,998740,1
36188.215508,4,0,0,998855,1
36191.053026,4,0,0,998961,1
36194.420078,4,0,0,999129,1
36196.794597,4,0,0,999103,1
36214.908646,4,0,0,999500,1
36219.579678,4,0,0,999571,1
36220.311102,4,0,0,999512,1
36226.030035,4,0,0,999602,1
36242.158957,4,0,0,999528,1
36252.925245,4,0,0,999610,1
36256.827898,4,0,0,999599,1
36256.898758,4,0,0,999615,1
36264.726301,4,0,0,999649,1
36277.566387,4,0,0,999595,1
36283.895069,4,0,0,999715,1
36286.573227,4,0,0,999735,1
36288.864727,4,0,0,999703,1
36295.389154,4,0,0,999864,1
36295.934659,4,0,0,999849,1
36303.275322,4,0,0,999760,1
36306.577157,4,0,0,999710,1
36306.924656,4,0,0,999666,1
36315.202952,4,0,0,999585,1
36317.579087,4,0,0,999727,1
36318.118775,4,0,0,999694,1
36319.031356,4,0,0,999694,1
36328.410043,4,0,0,999522,1
36329.316515,4,0,0,999492,1
36336.647300,4,0,0,999696,1
36344.439814,4,0,0,999819,1
36344.872365,4,0,0,999798,1
36347.604680,4,0,0,999798,1
36355.000342,4,0,0,999683,1
36358.219500,4,0,0,999612,1
36367.827460,4,0,0,999468,1
36370.110323,4,0,0,999399,1
36374.841122,4,0,0,999434,1
36375.989223,4,0,0,999466,1
36384.816851,4,0,0,999536,1
36393.557428,4,0,0,999509,1
36397.545521,4,0,0,999373,1
36399.410747,4,0,0,999368,1
36401.452040,4,0,0,999302,1
36405.768787,4,0,0,999393,1
36406.425727,4,0,0,999415,1
36409.840154,4,0,0,999483,1
36411.513930,4,0,0,999460,1
36413.511538,4,0,0,999332,1
36415.367950,4,0,0,999397,1
36423.967212,4,0,0,999575,1
36424.889651,4,0,0,999503,1
36426.179168,4,0,0,999511,1
36427.038110,4,0,0,999566,1
36427.110842,4,0,0,999552,1
36429.761053,4,0,0,999695,1
36438.640203,4,0,0,999640,1
36449.779815,4,0,0,999457,1
36452.973775,4,0,0,999579,1
36455.588927,4,0,0,999602,1
36465.274264,4,0,0,999498,1
36468.867988,4,0,0,999580,1
36472.670718,4,0,0,999389,1
36477.679480,4,0,0,999591,1
36478.076032,4,0,0,999565,1
36486.791333,4,0,0,999605,1
36487.325556,4,0,0,999590,1
36490.958233,4,0,0,999630,1
36503.404488,4,0,0,999782,1
36507.207638,4,0,0,999701,1
36509.209819,4,0,0,999756,1
36515.409155,4,0,0,999717,1
36526.464255,4,0,0,999599,1
36531.042185,4,0,0,999573,1
36531.317076,4,0,0,999547,1
36541.404712,4,0,0,999418,1
36541.491426,4,0,0,999432,1
36546.911692,4,0,0,999413,1
36557.920250,4,0,0,999600,1
36558.739145,4,0,0,999619,1
36562.329528,4,0,0,999521,1
36568.165741,4,0,0,999290,1
36569.088244,4,0,0,999257,1
36570.432854,4,0,0,999272,1
36570.762145,4,0,0,999272,1
36571.589881,4,0,0,999234,1
36572.190952,4,0,0,999274,1
36573.832383,4,0,0,999162,1
36580.469846,4,0,0,998999,1
36586.125253,4,0,0,999014,1
36592.998984,4,0,0,999301,1
36598.150972,4,0,0,999347,1
36605.708232,4,0,0,999207,1
36606.479206,4,0,0,999233,1
36610.342114,4,0,0,999300,1
36610.445808,4,0,0,999315,1
36613.680016,4,0,0,999278,1
36622.542939,4,0,0,999157,1
36625.598329,4,0,0,999167,1
36627.273189,4,0,0,999194,1
36628.808084,4,0,0,999293,1
36631.198653,4,0,0,999454,1
36642.916115,4,0,0,999326,1
36660.416226,4,0,0,999213,1
36667.011897,4,0,0,999204,1
36687.961838,4,0,0,999144,1
36694.828244,4,0,0,999207,1
36696.426727,4,0,0,999237,1
36699.156465,4,0,0,999258,1
36705.295306,4,0,0,999424,1
36711.201479,4,0,0,999403,1
36716.620050,4,0,0,999279,1
36719.818884,4,0,0,999139,1
36720.557258,4,0,0,999095,1
36735.900488,4,0,0,998890,1
36737.088888,4,0,0,998787,1
36755.643436,4,0,0,998930,1
36756.294975,4,0,0,998938,1
36775.075342,4,0,0,998846,1
36777.330503,4,0,0,998780,1
36785.292420,4,0,0,998557,1
36785.327404,4,0,0,998549,1
36788.141813,4,0,0,998704,1
36789.510194,4,0,0,998575,1
36795.178739,4,0,0,998593,1
36800.378192,4,0,0,998678,1
36803.340572,4,0,0,998690,1
36809.202480,4,0,0,998652,1
36827.503550,4,0,0,998818,1
36827.971444,4,0,0,998780,1
36831.924892,4,0,0,998836,1
36837.311433,4,0,0,999002,1
36842.105722,4,0,0,998887,1
36843.559575,4,0,0,998838,1
36853.497539,4,0,0,998859,1
36854.844262,4,0,0,998917,1
36863.754575,4,0,0,999116,1
36866.795869,4,0,0,999175,1
36867.534022,4,0,0,999146,1
36875.841700,4,0,0,998985,1
36876.230829,4,0,0,998992,1
36883.805670,4,0,0,999046,1
36888.185685,4,0,0,998931,1
36898.189300,4,0,0,998940,1
36905.959622,4,0,0,998986,1
36908.417094,4,0,0,999067,1
36909.111379,4,0,0,999026,1
36910.590824,4,0,0,999060,1
36910.597150,4,0,0,999055,1
36915.662006,4,0,0,999007,1
36916.089296,4,0,0,999004,1
36917.033746,4,0,0,999078,1
36918.376957,4,0,0,999269,1
36920.867569,4,0,0,999289,1
36926.416734,4,0,0,999346,1
36929.226553,4,0,0,999430,1
36932.575980,4,0,0,999304,1
36933.043664,4,0,0,999330,1
36935.016646,4,0,0,999242,1
36936.123284,4,0,0,999328,1
36942.546467,4,0,0,999509,1
36942.631600,4,0,0,999516,1
36947.216517,4,0,0,999428,1
36952.937956,4,0,0,999626,1
36956.295795,4,0,0,999648,1
36956.513270,4,0,0,999651,1
36957.895359,4,0,0,999684,1
36959.193510,4,0,0,999586,1
36960.683230,4,0,0,999611,1
36962.143162,4,0,0,999671,1
36979.358026,4,0,0,999734,1
36986.844428,4,0,0,999750,1
36997.434942,4,0,0,999590,1
37003.410070,4,0,0,999666,1
37005.444727,4,0,0,999680,1
37019.042814,4,0,0,999675,1
37022.209713,4,0,0,999624,1
37023.190095,4,0,0,999666,1
37029.439851,4,0,0,999818,1
37030.874647,4,0,0,999841,1
37039.145930,4,0,0,999965,1
37045.593755,4,0,0,1000129,1
37047.232207,4,0,0,1000230,1
37050.174416,4,0,0,1000247,1
37056.176221,4,0,0,1000217,1
37061.446969,4,0,0,1000165,1
37065.021305,4,0,0,1000164,1
37066.173191,4,0,0,1000193,1
37068.047638,4,0,0,1000256,1
37073.720376,4,0,0,1000201,1
37076.639115,4,0,0,1000211,1
37082.687499,4,0,0,1000085,1
37088.195877,4,0,0,1000229,1
37090.296763,4,0,0,1000199,1
37090.795599,4,0,0,1000211,1
37096.253855,4,0,0,1000123,1
37098.354234,4,0,0,1000100,1
37102.332764,4,0,0,1000029,1
37102.971017,4,0,0,1000097,1
37103.725535,4,0,0,1000112,1
37106.361075,4,0,0,1000097,1
37111.651494,4,0,0,999984,1
37112.248786,4,0,0,999960,1
37119.367166,4,0,0,1000032,1
37128.479067,4,0,0,1000277,1
37133.816618,4,0,0,1000107,1
37140.435636,4,0,0,999985,1
37141.737895,4,0,0,999974,1
37142.242937,4,0,0,999952,1
37144.151014,4,0,0,999836,1
37144.792255,4,0,0,999836,1
37147.367210,4,0,0,999895,1
37154.211272,4,0,0,999685,1
37155.788810,4,0,0,999697,1
37165.047013,4,0,0,999839,1
37167.930684,4,0,0,999921,1
37168.774948,4,0,0,999901,1
37173.688810,4,0,0,1000153,1
37176.447761,4,0,0,1000197,1
37178.363682,4,0,0,1000140,1
37181.836193,4,0,0,1000229,1
37204.391154,4,0,0,999947,1
37211.053783,4,0,0,1000058,1
37212.714900,4,0,0,999975,1
37225.254460,4,0,0,1000107,1
37226.227400,4,0,0,1000077,1
37228.734456,4,0,0,1000165,1
37230.962711,4,0,0,1000219,1
37251.264636,4,0,0,1000303,1
37251.286283,4,0,0,1000304,1
37256.294413,4,0,0,1000421,1
37259.691184,4,0,0,1000252,1
37260.501514,4,0,0,1000271,1
37265.407341,4,0,0,1000313,1
37273.292054,4,0,0,1000385,1
37280.254784,4,0,0,1000488,1
37280.641026,4,0,0,1000603,1
37288.218428,4,0,0,1000611,1
37290.247568,4,0,0,1000667,1
37299.399276,4,0,0,1000680,1
37303.346380,4,0,0,1000832,1
37303.744593,4,0,0,1000768,1
37310.271751,4,0,0,1000978,1
37314.235246,4,0,0,1000905,1
37317.105329,4,0,0,1000711,1
37321.968397,4,0,0,1000587,1
37324.771685,4,0,0,1000569,1
37324.951529,4,0,0,1000573,1
37336.607350,4,0,0,1000554,1
37338.229701,4,0,0,1000605,1
37339.795598,4,0,0,1000601,1
37340.039392,4,0,0,1000599,1
37346.079908,4,0,0,1000330,1
37357.560984,4,0,0,1000403,1
37360.532576,4,0,0,1000487,1
37368.575771,4,0,0,1000420,1
37370.481608,4,0,0,1000289,1
37372.803266,4,0,0,1000185,1
37374.451989,4,0,0,1000291,1
37376.122457,4,0,0,1000251,1
37380.060770,4,0,0,1000182,1
37381.946186,4,0,0,1000124,1
37382.271515,4,0,0,1000143,1
37387.873907,4,0,0,1000069,1
37389.638163,4,0,0,1000010,1
37392.018840,4,0,0,999893,1
37393.004262,4,0,0,999887,1
37393.246249,4,0,0,999911,1
37398.323253,4,0,0,999891,1
37400.953595,4,0,0,999961,1
37413.830940,4,0,0,999983,1
37413.922265,4,0,0,999986,1
37422.250817,4,0,0,1000006,1
37422.340266,4,0,0,1000006,1
37423.248040,4,0,0,1000054,1
37423.314638,4,0,0,1000061,1
37426.718446,4,0,0,1000005,1
37428.804910,4,0,0,1000013,1
37430.636782,4,0,0,1000006,1
37448.154656,4,0,0,1000095,1
37452.279139,4,0,0,1000110,1
37464.747002,4,0,0,1000173,1
37475.252778,4,0,0,999926,1
37477.235808,4,0,0,999951,1
37482.302630,4,0,0,1000095,1
37483.339793,4,0,0,1000026,1
37485.514287,4,0,0,1000142,1
37491.032814,4,0,0,1000173,1
37495.053903,4,0,0,1000149,1
37495.478264,4,0,0,1000090,1
37495.867171,4,0,0,1000123,1
37502.913090,4,0,0,999989,1
37508.685024,4,0,0,999924,1
37513.683763,4,0,0,999981,1
37514.876438,4,0,0,999924,1
37522.197659,4,0,0,999786,1
37526.309624,4,0,0,999667,1
37527.070256,4,0,0,999662,1
37527.938922,4,0,0,999689,1
37532.574076,4,0,0,999729,1
37550.877710,4,0,0,999805,1
37555.093967,4,0,0,999767,1
37556.765985,4,0,0,999775,1
37562.784690,4,0,0,999687,1
37563.870558,4,0,0,999790,1
37568.772263,4,0,0,999809,1
37571.326083,4,0,0,999651,1
37571.475633,4,0,0,999630,1
37574.948281,4,0,0,999777,1
37578.333871,4,0,0,999650,1
37589.947127,4,0,0,999569,1
37595.878507,4,0,0,999615,1
37597.609650,4,0,0,999542,1
37602.562050,4,0,0,999658,1
37603.937182,4,0,0,999755,1
37609.012350,4,0,0,999659,1
37613.409476,4,0,0,999775,1
37617.965664,4,0,0,999677,1
37618.805485,4,0,0,999631,1
37624.733818,4,0,0,999657,1
37628.422028,4,0,0,999678,1
37634.903604,4,0,0,999598,1
37635.122045,4,0,0,999618,1
37641.434312,4,0,0,999430,1
37655.778997,4,0,0,999262,1
37659.990400,4,0,0,999150,1
37660.712161,4,0,0,999182,1
37673.016090,4,0,0,999318,1
37676.893886,4,0,0,999382,1
37678.447013,4,0,0,999301,1
37683.099065,4,0,0,999313,1
37692.459438,4,0,0,999379,1
37693.007342,4,0,0,999319,1
37696.927968,4,0,0,999236,1
37701.715981,4,0,0,999305,1
37714.169224,4,0,0,999423,1
37714.355339,4,0,0,999429,1
37717.740166,4,0,0,999477,1
37724.045465,4,0,0,999514,1
37729.197856,4,0,0,999528,1
37738.644634,4,0,0,999507,1
37743.751503,4,0,0,999406,1
37748.525126,4,0,0,999376,1
37753.024826,4,0,0,999332,1
37753.884985,4,0,0,999439,1
37763.104746,4,0,0,999474,1
37766.572043,4,0,0,999471,1
37766.675206,4,0,0,999467,1
37774.884320,4,0,0,999446,1
37780.460138,4,0,0,999411,1
37785.580518,4,0,0,999470,1
37785.834577,4,0,0,999470,1
37791.677153,4,0,0,999564,1
37793.648955,4,0,0,999515,1
37801.701201,4,0,0,999560,1
37802.512216,4,0,0,999599,1
37804.465423,4,0,0,999517,1
37804.985570,4,0,0,999523,1
37805.074127,4,0,0,999526,1
37806.942729,4,0,0,999502,1
37812.687842,4,0,0,999441,1
37815.289820,4,0,0,999290,1
37816.980701,4,0,0,999364,1
37830.139212,4,0,0,999189,1
37836.339767,4,0,0,999033,1
37853.367413,4,0,0,999162,1
37855.092479,4,0,0,999041,1
37856.123534,4,0,0,999090,1
37872.629957,4,0,0,999172,1
37873.025666,4,0,0,999191,1
37880.384047,4,0,0,999166,1
37894.450707,4,0,0,998933,1
37900.502623,4,0,0,998699,1
37904.586448,4,0,0,998846,1
37906.787044,4,0,0,998810,1
37908.461490,4,0,0,998776,1
37908.793476,4,0,0,998822,1
37911.069815,4,0,0,998774,1
37914.411088,4,0,0,998751,1
37915.778605,4,0,0,998737,1
37932.479214,4,0,0,998706,1
37963.711040,4,0,0,998413,1
37965.344651,4,0,0,998377,1
37969.727534,4,0,0,998511,1
37979.974679,4,0,0,998632,1
37984.163739,4,0,0,998327,1
37986.236617,4,0,0,998186,1
37995.175021,4,0,0,998237,1
37998.771104,4,0,0,998226,1
38003.387009,4,0,0,998186,1
38010.148082,4,0,0,998322,1
38011.773618,4,0,0,998209,1
38017.313523,4,0,0,998350,1
38018.795180,4,0,0,998358,1
38023.847026,4,0,0,998420,1
38025.264453,4,0,0,998435,1
38032.868552,4,0,0,998551,1
38034.908046,4,0,0,998533,1
38050.345381,4,0,0,998425,1
38051.255548,4,0,0,998462,1
38057.244448,4,0,0,998483,1
38066.473881,4,0,0,998292,1
38076.272586,4,0,0,998503,1
38079.781210,4,0,0,998616,1
38083.591295,4,0,0,998756,1
38085.256833,4,0,0,998761,1
38094.541104,4,0,0,998812,1
38101.408391,4,0,0,998761,1
38104.851137,4,0,0,998670,1
38108.192977,4,0,0,998675,1
38120.233779,4,0,0,998703,1
38124.167739,4,0,0,998637,1
38124.638794,4,0,0,998700,1
38125.186030,4,0,0,998640,1
38132.141276,4,0,0,998531,1
38135.708073,4,0,0,998468,1
38139.592993,4,0,0,998594,1
38142.304486,4,0,0,998573,1
38142.414234,4,0,0,998568,1
38150.185349,4,0,0,998443,1
38152.482261,4,0,0,998385,1
38155.464897,4,0,0,998273,1
38158.242493,4,0,0,998357,1
38158.928560,4,0,0,998382,1
38174.715545,4,0,0,998577,1
38190.032211,4,0,0,998446,1
38190.079165,4,0,0,998473,1
38190.347381,4,0,0,998448,1
38192.680251,4,0,0,998291,1
38211.825795,4,0,0,998227,1
38214.968117,4,0,0,998239,1
38227.202904,4,0,0,998371,1
38229.201374,4,0,0,998299,1
38232.470206,4,0,0,998353,1
38240.906781,4,0,0,998600,1
38246.044107,4,0,0,998503,1
38247.793973,4,0,0,998453,1
38250.709751,4,0,0,998308,1
38255.386801,4,0,0,998334,1
38257.835601,4,0,0,998401,1
38258.891773,4,0,0,998440,1
38260.108641,4,0,0,998486,1
38266.558571,4,0,0,998665,1
38267.688009,4,0,0,998671,1
38268.668687,4,0,0,998718,1
38270.287321,4,0,0,998657,1
38291.865544,4,0,0,998470,1
38314.620302,4,0,0,998525,1
38317.744418,4,0,0,998452,1
38318.919893,4,0,0,998483,1
38321.720580,4,0,0,998597,1
38331.973710,4,0,0,998660,1
38336.116457,4,0,0,998584,1
38347.151272,4,0,0,998458,1
38357.299429,4,0,0,998674,1
38365.343711,4,0,0,998559,1
38375.637962,4,0,0,998572,1
38379.076007,4,0,0,998547,1
38379.959823,4,0,0,998549,1
38387.186101,4,0,0,998695,1
38410.488439,4,0,0,998560,1
38415.677480,4,0,0,998399,1
38417.034435,4,0,0,998483,1
38429.619294,4,0,0,998521,1
38441.919654,4,0,0,998646,1
38454.243392,4,0,0,998640,1
38459.442219,4,0,0,998727,1
38472.757924,4,0,0,998954,1
38474.024462,4,0,0,999030,1
38478.114465,4,0,0,999001,1
38502.114513,4,0,0,998905,1
38527.322835,4,0,0,998995,1
38535.039779,4,0,0,999021,1
38539.266511,4,0,0,999077,1
38543.989085,4,0,0,998998,1
38546.370052,4,0,0,998818,1
38547.574377,4,0,0,998842,1
38558.416499,4,0,0,998966,1
38562.621325,4,0,0,999031,1
38564.745911,4,0,0,999151,1
38566.640989,4,0,0,999208,1
38567.545797,4,0,0,999189,1
38568.523906,4,0,0,999238,1
38573.789331,4,0,0,999225,1
38575.401892,4,0,0,999304,1
38577.223361,4,0,0,999319,1
38586.137600,4,0,0,999381,1
38586.607241,4,0,0,999389,1
38600.844952,4,0,0,999390,1
38603.407852,4,0,0,999269,1
38611.806614,4,0,0,999273,1
38620.108470,4,0,0,998941,1
38625.592735,4,0,0,998997,1
38625.851978,4,0,0,999023,1
38630.934849,4,0,0,999251,1
38633.762713,4,0,0,999281,1
38635.539454,4,0,0,999232,1
38639.036697,4,0,0,999082,1
38644.258094,4,0,0,999302,1
38646.621649,4,0,0,999191,1
38649.134370,4,0,0,999260,1
38650.293954,4,0,0,999136,1
38651.164366,4,0,0,999133,1
38655.824225,4,0,0,999204,1
38673.404715,4,0,0,999262,1
38673.898256,4,0,0,999261,1
38679.012164,4,0,0,999165,1
38683.388382,4,0,0,999068,1
38689.970081,4,0,0,999194,1
38691.807510,4,0,0,999222,1
38693.257291,4,0,0,999212,1
38694.875024,4,0,0,999224,1
38703.569945,4,0,0,999083,1
38712.600861,4,0,0,999232,1
38720.609249,4,0,0,999405,1
38722.170250,4,0,0,999356,1
38724.438642,4,0,0,999362,1
38726.077443,4,0,0,999428,1
38731.620040,4,0,0,999349,1
38732.901201,4,0,0,999463,1
38739.396349,4,0,0,999651,1
38746.923753,4,0,0,999607,1
38750.567004,4,0,0,999697,1
38751.483701,4,0,0,999776,1
38752.939324,4,0,0,999700,1
38756.942613,4,0,0,999758,1
38763.293219,4,0,0,999735,1
38764.364847,4,0,0,999723,1
38769.358618,4,0,0,999798,1
38780.794801,4,0,0,999708,1
38787.092996,4,0,0,999527,1
38797.575469,4,0,0,999290,1
38812.817590,4,0,0,999277,1
38814.351348,4,0,0,999315,1
38815.466257,4,0,0,999313,1
38826.502238,4,0,0,999281,1
38828.861210,4,0,0,999277,1
38829.407044,4,0,0,999324,1
38834.076132,4,0,0,999379,1
38837.188442,4,0,0,999311,1
38838.207715,4,0,0,999296,1
38850.057719,4,0,0,999495,1
38853.181779,4,0,0,999441,1
38875.793024,4,0,0,999332,1
38877.371932,4,0,0,999330,1
38877.665820,4,0,0,999301,1
38889.052211,4,0,0,999445,1
38890.731529,4,0,0,999302,1
38903.037360,4,0,0,999549,1
38906.205736,4,0,0,999507,1
38911.855814,4,0,0,999354,1
38912.446458,4,0,0,999365,1
38913.915587,4,0,0,999260,1
38919.345425,4,0,0,999319,1
38933.887793,4,0,0,999457,1
38942.084592,4,0,0,999369,1
38953.312323,4,0,0,999296,1
38960.435879,4,0,0,999418,1
38977.530823,4,0,0,999268,1
38978.830502,4,0,0,999268,1
38979.454472,4,0,0,999282,1
38980.769553,4,0,0,999370,1
38984.917138,4,0,0,999316,1
38987.130968,4,0,0,999317,1
38987.302085,4,0,0,999341,1
38987.938692,4,0,0,999238,1
38989.516820,4,0,0,999220,1
38991.469945,4,0,0,999086,1
38993.296251,4,0,0,998961,1
38997.280782,4,0,0,999154,1
39002.373727,4,0,0,999175,1
39011.279512,4,0,0,999390,1
39013.563739,4,0,0,999370,1
39026.854724,4,0,0,999459,1
39029.147969,4,0,0,999425,1
39031.779414,4,0,0,999379,1
39034.336150,4,0,0,999371,1
39041.251525,4,0,0,999383,1
39047.650095,4,0,0,999572,1
39050.273260,4,0,0,999554,1
39052.278582,4,0,0,999580,1
39052.689947,4,0,0,999571,1
39054.089372,4,0,0,999578,1
39054.464746,4,0,0,999538,1
39056.397582,4,0,0,999612,1
39057.401238,4,0,0,999585,1
39062.362457,4,0,0,999586,1
39068.918111,4,0,0,999553,1
39072.122777,4,0,0,999639,1
39075.271934,4,0,0,999682,1
39077.291233,4,0,0,999682,1
39092.574621,4,0,0,999702,1
39116.549484,4,0,0,999765,1
39121.463723,4,0,0,999844,1
39130.412677,4,0,0,999912,1
39132.664267,4,0,0,1000006,1
39136.900932,4,0,0,1000168,1
39139.104572,4,0,0,1000211,1
39153.332831,4,0,0,999946,1
39157.806182,4,0,0,1000126,1
39168.539068,4,0,0,1000466,1
39173.139198,4,0,0,1000421,1
39173.562607,4,0,0,1000407,1
39175.324599,4,0,0,1000268,1
39179.622864,4,0,0,1000344,1
39191.440366,4,0,0,1000157,1
39196.551586,4,0,0,1000358,1
39198.642622,4,0,0,1000176,1
39203.769413,4,0,0,1000179,1
39208.555672,4,0,0,1000247,1
39225.656692,4,0,0,1000144,1
39230.124930,4,0,0,1000055,1
39230.163680,4,0,0,1000058,1
39250.958523,4,0,0,999916,1
39251.711377,4,0,0,999900,1
39253.852504,4,0,0,999895,1
39269.829955,4,0,0,999768,1
39275.163572,4,0,0,999737,1
39280.646066,4,0,0,999824,1
39283.366064,4,0,0,999789,1
39285.813375,4,0,0,999800,1
39287.540151,4,0,0,999748,1
39294.386699,4,0,0,999861,1
39296.551138,4,0,0,999765,1
39297.184262,4,0,0,999802,1
39298.269639,4,0,0,999643,1
39299.012334,4,0,0,999603,1
39309.908237,4,0,0,999332,1
39311.398993,4,0,0,999393,1
39312.655745,4,0,0,999407,1
39317.743747,4,0,0,999255,1
39319.453970,4,0,0,999217,1
39327.239537,4,0,0,999398,1
39332.789652,4,0,0,999385,1
39337.045298,4,0,0,999439,1
39340.138165,4,0,0,999303,1
39342.396009,4,0,0,999187,1
39345.175876,4,0,0,999232,1
39351.043760,4,0,0,999504,1
39351.334524,4,0,0,999489,1
39352.593198,4,0,0,999520,1
39358.341735,4,0,0,999399,1
39364.239850,4,0,0,999544,1
39368.299153,4,0,0,999492,1
39369.748103,4,0,0,999463,1
39370.969468,4,0,0,999356,1
39374.613585,4,0,0,999311,1
39376.076600,4,0,0,999320,1
39382.505480,4,0,0,999486,1
39389.482868,4,0,0,999321,1
39395.556857,4,0,0,999434,1
39400.298181,4,0,0,999389,1
39410.997453,4,0,0,999329,1
39414.842192,4,0,0,999229,1
39416.426080,4,0,0,999119,1
39417.723849,4,0,0,999047,1
39418.227947,4,0,0,999103,1
39422.824824,4,0,0,998968,1
39429.751129,4,0,0,998901,1
39434.255224,4,0,0,999011,1
39434.934139,4,0,0,998922,1
39440.707548,4,0,0,998966,1
39447.131085,4,0,0,998892,1
39449.331256,4,0,0,998900,1
39453.119799,4,0,0,998977,1
39453.503320,4,0,0,998971,1
39457.866263,4,0,0,998942,1
39457.956227,4,0,0,998952,1
39460.001736,4,0,0,998993,1
39467.915115,4,0,0,998879,1
39472.651872,4,0,0,998851,1
39474.897649,4,0,0,998745,1
39486.613913,4,0,0,998951,1
39491.329887,4,0,0,998811,1
39504.019017,4,0,0,998828,1
39507.230979,4,0,0,998978,1
39512.307521,4,0,0,999060,1
39517.228081,4,0,0,999019,1
39517.482333,4,0,0,998999,1
39518.201673,4,0,0,998970,1
39518.835749,4,0,0,999004,1
39519.951662,4,0,0,999019,1
39540.868182,4,0,0,998996,1
39546.193332,4,0,0,999288,1
39552.295785,4,0,0,999176,1
39564.446429,4,0,0,999076,1
39565.405126,4,0,0,999055,1
39572.094980,4,0,0,999075,1
39575.637270,4,0,0,999098,1
39577.915753,4,0,0,999074,1
39584.466223,4,0,0,999160,1
39592.132500,4,0,0,999224,1
39596.461209,4,0,0,999186,1
39602.003312,4,0,0,998890,1
39611.116795,4,0,0,998998,1
39613.261385,4,0,0,998924,1
39621.897952,4,0,0,998816,1
39624.998760,4,0,0,998797,1
39636.761693,4,0,0,998570,1
39642.805489,4,0,0,998461,1
39647.365596,4,0,0,998460,1
39665.981134,4,0,0,998363,1
39669.400735,4,0,0,998384,1
39670.556780,4,0,0,998333,1
39674.141954,4,0,0,998302,1
39676.379176,4,0,0,998216,1
39693.035345,4,0,0,998135,1
39693.973026,4,0,0,998145,1
39698.635361,4,0,0,998107,1
39702.553787,4,0,0,997956,1
39703.184204,4,0,0,997945,1
39708.884321,4,0,0,997951,1
39713.028449,4,0,0,998057,1
39715.756587,4,0,0,998046,1
39730.356110,4,0,0,997948,1
39730.907830,4,0,0,997902,1
39735.671219,4,0,0,998109,1
39737.319212,4,0,0,998042,1
39740.604332,4,0,0,997932,1
39742.796537,4,0,0,997914,1
39748.337254,4,0,0,997689,1
39758.942533,4,0,0,997850,1
39759.335378,4,0,0,997853,1
39762.450029,4,0,0,997889,1
39768.793999,4,0,0,997755,1
39770.424074,4,0,0,997717,1
39772.382571,4,0,0,997772,1
39786.205788,4,0,0,997924,1
39786.765401,4,0,0,998027,1
39790.991643,4,0,0,998132,1
39796.762390,4,0,0,997895,1
39801.960662,4,0,0,997897,1
39802.286525,4,0,0,997884,1
39817.514970,4,0,0,998082,1
39817.626526,4,0,0,998080,1
39817.782363,4,0,0,998088,1
39821.658712,4,0,0,998050,1
39822.032707,4,0,0,998067,1
39823.883475,4,0,0,998161,1
39831.395655,4,0,0,998068,1
39835.318372,4,0,0,997860,1
39839.472038,4,0,0,997748,1
39851.383420,4,0,0,998007,1
39851.912146,4,0,0,998012,1
39873.235577,4,0,0,997928,1
39878.140294,4,0,0,997815,1
39883.704022,4,0,0,997931,1
39883.780903,4,0,0,997935,1
39893.576083,4,0,0,997907,1
39895.972214,4,0,0,997861,1
39898.398192,4,0,0,997844,1
39903.232234,4,0,0,997803,1
39905.653298,4,0,0,997843,1
39919.112136,4,0,0,998065,1
39930.990783,4,0,0,997717,1
39933.221940,4,0,0,997604,1
39934.446829,4,0,0,997596,1
39936.941697,4,0,0,997598,1
39960.520995,4,0,0,997211,1
39962.259452,4,0,0,997167,1
39965.532864,4,0,0,997126,1
39966.590521,4,0,0,997101,1
39969.742276,4,0,0,997056,1
39984.310630,4,0,0,997033,1
39986.765804,4,0,0,997099,1
39986.827587,4,0,0,997108,1
39991.415319,4,0,0,997166,1
39998.750111,4,0,0,997198,1
40000.781108,4,0,0,997143,1
40001.298800,4,0,0,997124,1
40003.441226,4,0,0,997171,1
40010.857804,4,0,0,997181,1
40013.888293,4,0,0,997247,1
40013.985567,4,0,0,997250,1
40019.718388,4,0,0,997252,1
40021.194111,4,0,0,997276,1
40025.002683,4,0,0,997121,1
40027.654114,4,0,0,997104,1
40028.698961,4,0,0,997072,1
40031.099806,4,0,0,997134,1
40032.587317,4,0,0,997090,1
40036.282136,4,0,0,997108,1
40037.057597,4,0,0,997086,1
40065.991797,4,0,0,997205,1
40074.432716,4,0,0,997302,1
40080.664756,4,0,0,997269,1
40082.045684,4,0,0,997272,1
40096.681858,4,0,0,997296,1
40114.024286,4,0,0,997446,1
40114.622218,4,0,0,997431,1
40116.010155,4,0,0,997429,1
40116.690974,4,0,0,997409,1
40118.355357,4,0,0,997343,1
40125.845451,4,0,0,997358,1
40145.625519,4,0,0,997439,1
40149.248112,4,0,0,997355,1
40151.865113,4,0,0,997477,1
40158.361572,4,0,0,997373,1
40167.851442,4,0,0,997477,1
40171.272104,4,0,0,997505,1
40174.490475,4,0,0,997345,1
40176.969982,4,0,0,997338,1
40179.743219,4,0,0,997201,1
40182.497197,4,0,0,997186,1
40183.085181,4,0,0,997209,1
40196.116032,4,0,0,997530,1
40199.628129,4,0,0,997596,1
40205.206562,4,0,0,997406,1
40208.102127,4,0,0,997370,1
40215.351833,4,0,0,997562,1
40216.558733,4,0,0,997568,1
40225.521016,4,0,0,997820,1
40240.744877,4,0,0,997661,1
40241.413016,4,0,0,997635,1
40244.162017,4,0,0,997516,1
40244.361783,4,0,0,997506,1
40251.506542,4,0,0,997663,1
40255.045632,4,0,0,997568,1
40255.202413,4,0,0,997583,1
40266.516090,4,0,0,997646,1
40278.839459,4,0,0,997769,1
40280.411339,4,0,0,997747,1
40286.855797,4,0,0,997739,1
40287.222438,4,0,0,997801,1
40292.302777,4,0,0,997651,1
40294.106782,4,0,0,997696,1
40294.225578,4,0,0,997721,1
40295.961458,4,0,0,997746,1
40299.643437,4,0,0,997897,1
40299.811103,4,0,0,997834,1
40309.908023,4,0,0,997771,1
40312.491768,4,0,0,997669,1
40315.917512,4,0,0,997622,1
40332.216052,4,0,0,997582,1
40344.876662,4,0,0,997651,1
40350.939769,4,0,0,997534,1
40357.131847,4,0,0,997631,1
40365.819986,4,0,0,997385,1
40370.632416,4,0,0,997480,1
40375.095382,4,0,0,997444,1
40384.817811,4,0,0,997152,1
40385.466142,4,0,0,997077,1
40404.457757,4,0,0,996668,1
40405.844833,4,0,0,996604,1
40407.116215,4,0,0,996605,1
40411.789067,4,0,0,996738,1
40415.680012,4,0,0,996806,1
40419.457476,4,0,0,996667,1
40429.259047,4,0,0,996293,1
40429.286619,4,0,0,996290,1
40430.074827,4,0,0,996221,1
40431.105504,4,0,0,996207,1
40434.951074,4,0,0,996130,1
40437.090103,4,0,0,996310,1
40442.069378,4,0,0,996107,1
40442.202618,4,0,0,998339,1
40444.664440,4,0,0,998293,1
40444.788327,4,0,0,998303,1
40452.252328,4,0,0,998306,1
40455.595735,4,0,0,998362,1
40457.977136,4,0,0,998341,1
40459.550541,4,0,0,998373,1
40469.231970,4,0,0,998276,1
40473.928683,4,0,0,998477,1
40474.426773,4,0,0,998421,1
40476.841630,4,0,0,998376,1
40498.862030,4,0,0,998320,1
40500.256527,4,0,0,998237,1
40500.869848,4,0,0,998280,1
40501.209505,4,0,0,998243,1
40501.551394,4,0,0,998240,1
40501.739982,4,0,0,998246,1
40504.751340,4,0,0,998197,1
40516.048590,4,0,0,998077,1
40530.138935,4,0,0,998018,1
40541.444334,4,0,0,997861,1
40543.747367,4,0,0,997893,1
40549.295012,4,0,0,997692,1
40549.590920,4,0,0,997715,1
40556.638711,4,0,0,997892,1
40558.180215,4,0,0,997923,1
40563.292427,4,0,0,997902,1
40564.922664,4,0,0,997908,1
40568.123944,4,0,0,997861,1
40571.074921,4,0,0,997952,1
40575.582273,4,0,0,997873,1
40577.472832,4,0,0,997874,1
40578.463455,4,0,0,997845,1
40582.431585,4,0,0,997829,1
40589.468302,4,0,0,997616,1
40591.781714,4,0,0,997586,1
40607.110217,4,0,0,997588,1
40609.913880,4,0,0,997526,1
40612.266576,4,0,0,997469,1
40614.618315,4,0,0,997523,1
40630.264861,4,0,0,997532,1
40631.937150,4,0,0,997542,1
40636.580542,4,0,0,997476,1
40640.184183,4,0,0,997410,1
40659.460519,4,0,0,997600,1
40659.681106,4,0,0,997642,1
40678.468226,4,0,0,998025,1
40680.531412,4,0,0,998019,1
40688.332895,4,0,0,997996,1
40689.409214,4,0,0,998034,1
40695.381174,4,0,0,997785,1
40697.310316,4,0,0,997756,1
40698.315531,4,0,0,997799,1
40699.247918,4,0,0,997826,1
40700.158980,4,0,0,997817,1
40711.706494,4,0,0,997830,1
40714.628504,4,0,0,997788,1
40716.437674,4,0,0,997754,1
40724.454798,4,0,0,997664,1
40728.131928,4,0,0,997775,1
40733.459648,4,0,0,997848,1
40735.043786,4,0,0,997964,1
40736.074983,4,0,0,997927,1
40736.810186,4,0,0,997944,1
40738.790111,4,0,0,998032,1
40741.304503,4,0,0,997946,1
40746.208011,4,0,0,998160,1
40748.558602,4,0,0,998160,1
40750.867614,4,0,0,998252,1
40751.926786,4,0,0,998152,1
40754.324883,4,0,0,998182,1
40758.161486,4,0,0,998251,1
40758.864783,4,0,0,998293,1
40765.605313,4,0,0,998389,1
40777.460968,4,0,0,998479,1
40781.483493,4,0,0,998363,1
40783.251845,4,0,0,998303,1
40800.208124,4,0,0,998199,1
40800.838490,4,0,0,998162,1
40801.851359,4,0,0,998150,1
40808.853834,4,0,0,998099,1
40816.778809,4,0,0,997964,1
40819.014713,4,0,0,997908,1
40819.491023,4,0,0,997957,1
40824.357509,4,0,0,998026,1
40826.368842,4,0,0,998024,1
40835.515054,4,0,0,997909,1
40835.833498,4,0,0,997908,1
40839.493571,4,0,0,997993,1
40840.372698,4,0,0,998007,1
40854.395525,4,0,0,998218,1
40871.675930,4,0,0,998733,1
40875.893340,4,0,0,998848,1
40881.546476,4,0,0,998876,1
40891.676974,4,0,0,998785,1
40902.823615,4,0,0,998803,1
40903.422186,4,0,0,998779,1
40905.352276,4,0,0,998898,1
40912.852981,4,0,0,998952,1
40914.386369,4,0,0,998824,1
40917.028972,4,0,0,998913,1
40936.513730,4,0,0,998819,1
40939.588231,4,0,0,998932,1
40943.682859,4,0,0,999015,1
40944.899903,4,0,0,999080,1
40945.661153,4,0,0,999091,1
40956.929961,4,0,0,999350,1
40963.932919,4,0,0,999347,1
40964.613507,4,0,0,999330,1
40977.421916,4,0,0,999326,1
40988.237855,4,0,0,999129,1
40990.141605,4,0,0,999156,1
41000.280979,4,0,0,999093,1
41000.969131,4,0,0,999041,1
41002.334057,4,0,0,998992,1
41012.472165,4,0,0,999013,1
41016.047712,4,0,0,999163,1
41018.583853,4,0,0,999131,1
41020.293725,4,0,0,999206,1
41021.465024,4,0,0,999200,1
41022.398339,4,0,0,999247,1
41025.267740,4,0,0,999226,1
41028.583304,4,0,0,999384,1
41029.011331,4,0,0,999355,1
41035.343287,4,0,0,999465,1
41035.795678,4,0,0,999479,1
41036.520342,4,0,0,999463,1
41047.070846,4,0,0,999520,1
41049.316476,4,0,0,999476,1
41049.981053,4,0,0,999418,1
41052.362661,4,0,0,999480,1
41053.253318,4,0,0,999488,1
41053.862073,4,0,0,999492,1
41073.283066,4,0,0,999443,1
41073.707969,4,0,0,999444,1
41080.221870,4,0,0,999299,1
41083.082536,4,0,0,999460,1
41084.331374,4,0,0,999536,1
41094.465085,4,0,0,999642,1
41097.985353,4,0,0,999719,1
41098.215414,4,0,0,999686,1
41100.520328,4,0,0,999648,1
41105.063939,4,0,0,999512,1
41107.710081,4,0,0,999686,1
41109.404930,4,0,0,999762,1
41111.305927,4,0,0,999756,1
41113.029914,4,0,0,999737,1
41116.115914,4,0,0,999739,1
41144.668533,4,0,0,999659,1
41156.766438,4,0,0,999698,1
41160.469952,4,0,0,999680,1
41170.951536,4,0,0,999832,1
41171.795567,4,0,0,999900,1
41176.547836,4,0,0,1000110,1
41184.600433,4,0,0,1000330,1
41186.056364,4,0,0,1000235,1
41189.981666,4,0,0,1000165,1
41193.470237,4,0,0,1000302,1
41194.012661,4,0,0,1000283,1
41211.157970,4,0,0,1000428,1
41213.366887,4,0,0,1000420,1
41217.377148,4,0,0,1000447,1
41217.489034,4,0,0,1000455,1
41220.995819,4,0,0,1000443,1
41223.795104,4,0,0,1000438,1
41233.828428,4,0,0,1000730,1
41234.163107,4,0,0,1000726,1
41244.394508,4,0,0,1000771,1
41245.417119,4,0,0,1000804,1
41254.275438,4,0,0,1000611,1
41261.180955,4,0,0,1000441,1
41265.600676,4,0,0,1000528,1
41267.719398,4,0,0,1000585,1
41270.616430,4,0,0,1000543,1
41275.924047,4,0,0,1000502,1
41278.181113,4,0,0,1000352,1
41278.500989,4,0,0,1000337,1
41284.351384,4,0,0,1000120,1
41290.276878,4,0,0,1000342,1
41291.877494,4,0,0,1000322,1
41293.040438,4,0,0,1000411,1
41304.000838,4,0,0,1000225,1
41306.060742,4,0,0,1000332,1
41306.422259,4,0,0,1000321,1
41316.053141,4,0,0,1000299,1
41317.344107,4,0,0,1000283,1
41319.729820,4,0,0,1000254,1
41323.708590,4,0,0,1000197,1
41326.761467,4,0,0,1000296,1
41327.943584,4,0,0,1000296,1
41329.238831,4,0,0,1000222,1
41332.594944,4,0,0,1000415,1
41333.254678,4,0,0,1000441,1
41344.278557,4,0,0,1000677,1
41345.735864,4,0,0,1000642,1
41346.506648,4,0,0,1000671,1
41347.472495,4,0,0,1000606,1
41348.512926,4,0,0,1000518,1
41360.183130,4,0,0,1000584,1
41362.871778,4,0,0,1000702,1
41369.599720,4,0,0,1000580,1
41377.934870,4,0,0,1000696,1
41378.389544,4,0,0,1000721,1
41382.983869,4,0,0,1000714,1
41391.216755,4,0,0,1000729,1
41392.463220,4,0,0,1000636,1
41405.404464,4,0,0,1000556,1
41409.066543,4,0,0,1000443,1
41412.550942,4,0,0,1000430,1
41437.091155,4,0,0,999625,1
41438.046814,4,0,0,999681,1
41450.765690,4,0,0,999538,1
41452.153274,4,0,0,999489,1
41456.081819,4,0,0,999369,1
41456.462778,4,0,0,999350,1
41458.593389,4,0,0,999365,1
41459.948709,4,0,0,999343,1
41467.108484,4,0,0,999496,1
41488.819628,4,0,0,999096,1
41489.603961,4,0,0,999108,1
41489.905257,4,0,0,999139,1
41495.081116,4,0,0,999129,1
41513.432520,4,0,0,999397,1
41529.225648,4,0,0,999372,1
41538.716159,4,0,0,999547,1
41544.967391,4,0,0,999587,1
41549.105992,4,0,0,999865,1
41549.181262,4,0,0,999866,1
41562.137770,4,0,0,999978,1
41566.167825,4,0,0,1000001,1
41569.195439,4,0,0,1000050,1
41569.291201,4,0,0,1000048,1
41570.206242,4,0,0,1000080,1
41572.220344,4,0,0,1000122,1
41587.943348,4,0,0,1000382,1
41592.808925,4,0,0,1000258,1
41598.595071,4,0,0,1000120,1
41600.893017,4,0,0,1000138,1
41607.316537,4,0,0,1000175,1
41608.432741,4,0,0,1000099,1
41610.014626,4,0,0,1000065,1
41613.694404,4,0,0,999959,1
41614.598332,4,0,0,999872,1
41624.731052,4,0,0,999847,1
41626.093791,4,0,0,999815,1
41629.261368,4,0,0,999729,1
41642.210755,4,0,0,999599,1
41644.398398,4,0,0,999641,1
41648.485756,4,0,0,999568,1
41654.038406,4,0,0,999482,1
41656.768940,4,0,0,999503,1
41658.193613,4,0,0,999600,1
41661.717922,4,0,0,999568,1
41669.398420,4,0,0,999746,1
41671.924268,4,0,0,999917,1
41677.492756,4,0,0,1000047,1
41678.884803,4,0,0,1000155,1
41681.246511,4,0,0,1000121,1
41694.836319,4,0,0,1000003,1
41695.169679,4,0,0,1000051,1
41706.914411,4,0,0,999884,1
41707.171482,4,0,0,999880,1
41715.150081,4,0,0,999814,1
41717.413879,4,0,0,999797,1
41723.187799,4,0,0,999804,1
41724.442991,4,0,0,999843,1
41725.375731,4,0,0,999860,1
41725.824769,4,0,0,999874,1
41725.862250,4,0,0,999883,1
41728.099244,4,0,0,999798,1
41728.303001,4,0,0,999827,1
41729.889044,4,0,0,999825,1
41739.838144,4,0,0,999642,1
41745.601458,4,0,0,999626,1
41748.196426,4,0,0,999480,1
41748.300178,4,0,0,999482,1
41748.539590,4,0,0,999491,1
41772.036251,4,0,0,999642,1
41774.804211,4,0,0,999701,1
41779.106893,4,0,0,999515,1
41785.539145,4,0,0,999466,1
41790.076681,4,0,0,999435,1
41796.739794,4,0,0,999317,1
41800.672227,4,0,0,999107,1
41803.929058,4,0,0,999103,1
41806.816554,4,0,0,999079,1
41817.287622,4,0,0,999150,1
41837.305217,4,0,0,998951,1
41839.607028,4,0,0,998882,1
41840.712801,4,0,0,998888,1
41853.179539,4,0,0,998824,1
41854.798792,4,0,0,998881,1
41860.860367,4,0,0,998685,1
41862.147263,4,0,0,998800,1
41866.472198,4,0,0,998732,1
41868.294616,4,0,0,998834,1
41868.502623,4,0,0,998841,1
41868.606547,4,0,0,998830,1
41870.322277,4,0,0,998818,1
41873.296753,4,0,0,998812,1
41876.070256,4,0,0,998744,1
41878.849370,4,0,0,998818,1
41882.192680,4,0,0,998702,1
41882.863132,4,0,0,998742,1
41887.888199,4,0,0,998775,1
41894.906435,4,0,0,998798,1
41897.686647,4,0,0,998816,1
41900.673863,4,0,0,998810,1
41901.309498,4,0,0,998850,1
41901.468158,4,0,0,998856,1
41902.817572,4,0,0,998903,1
41905.514860,4,0,0,998827,1
41906.074438,4,0,0,998807,1
41908.184789,4,0,0,998907,1
41911.232116,4,0,0,999005,1
41914.921391,4,0,0,998921,1
41921.241809,4,0,0,999093,1
41924.802211,4,0,0,999092,1
41925.727576,4,0,0,999020,1
41927.488972,4,0,0,999041,1
41930.233059,4,0,0,998963,1
41933.979258,4,0,0,998913,1
41936.595678,4,0,0,998886,1
41938.987251,4,0,0,998710,1
41950.574894,4,0,0,998723,1
41955.846699,4,0,0,998788,1
41968.360221,4,0,0,998920,1
41969.264959,4,0,0,998907,1
41974.568218,4,0,0,998901,1
41977.673913,4,0,0,998893,1
41979.518608,4,0,0,998935,1
41979.771187,4,0,0,998953,1
41990.260346,4,0,0,998997,1
41990.291947,4,0,0,999000,1
41998.655085,4,0,0,998683,1
42000.861742,4,0,0,998699,1
42010.035656,4,0,0,999107,1
42010.199657,4,0,0,999116,1
42010.420255,4,0,0,999138,1
42012.856317,4,0,0,999130,1
42017.405266,4,0,0,999205,1
42022.445937,4,0,0,999193,1
42024.068327,4,0,0,999202,1
42028.930055,4,0,0,999244,1
42031.406720,4,0,0,999164,1
42032.305583,4,0,0,999180,1
42032.953137,4,0,0,999156,1
42034.302340,4,0,0,999158,1
42044.964286,4,0,0,999379,1
42046.528127,4,0,0,999277,1
42050.382426,4,0,0,999139,1
42051.092622,4,0,0,999088,1
42071.022946,4,0,0,999117,1
42081.806591,4,0,0,999093,1
42082.687043,4,0,0,999077,1
42083.859986,4,0,0,999016,1
42094.017223,4,0,0,999056,1
42095.683991,4,0,0,999040,1
42096.190208,4,0,0,999032,1
42100.547112,4,0,0,998886,1
42101.314865,4,0,0,998880,1
42101.677873,4,0,0,998855,1
42106.483307,4,0,0,998880,1
42123.515911,4,0,0,999095,1
42124.516382,4,0,0,998999,1
42133.744896,4,0,0,999094,1
42138.497176,4,0,0,999086,1
42148.022588,4,0,0,999202,1
42149.947816,4,0,0,999191,1
42151.999266,4,0,0,999217,1
42156.042935,4,0,0,999222,1
42157.249949,4,0,0,999108,1
42158.983474,4,0,0,999165,1
42159.619993,4,0,0,999134,1
42168.506500,4,0,0,999325,1
42171.571695,4,0,0,999422,1
42172.311991,4,0,0,999453,1
42183.855666,4,0,0,999569,1
42185.028478,4,0,0,999544,1
42185.244919,4,0,0,999523,1
42188.473158,4,0,0,999519,1
42193.517069,4,0,0,999629,1
42197.284081,4,0,0,999526,1
42202.536677,4,0,0,999641,1
42205.141619,4,0,0,999678,1
42213.663049,4,0,0,999660,1
42218.209449,4,0,0,999555,1
42219.291041,4,0,0,999592,1
42229.828049,4,0,0,999677,1
42230.221509,4,0,0,999675,1
42232.376712,4,0,0,999685,1
42236.907656,4,0,0,999741,1
42253.954658,4,0,0,999586,1
42256.045697,4,0,0,999475,1
42257.124955,4,0,0,999510,1
42262.304889,4,0,0,999409,1
42270.440349,4,0,0,999456,1
42272.189805,4,0,0,999394,1
42275.619232,4,0,0,999550,1
42281.696710,4,0,0,999616,1
42285.685353,4,0,0,999658,1
42296.024728,4,0,0,999788,1
42297.035928,4,0,0,999802,1
42305.784657,4,0,0,999812,1
42306.179560,4,0,0,999813,1
42308.101130,4,0,0,999710,1
42317.719173,4,0,0,999775,1
42321.347597,4,0,0,999719,1
42333.929283,4,0,0,999600,1
42338.585698,4,0,0,999637,1
42346.137058,4,0,0,999619,1
42347.413959,4,0,0,999665,1
42350.633308,4,0,0,999732,1
42353.741316,4,0,0,999694,1
42355.409843,4,0,0,999620,1
42358.369481,4,0,0,999637,1
42363.446735,4,0,0,999535,1
42376.196887,4,0,0,999064,1
42379.887217,4,0,0,998917,1
42380.387114,4,0,0,998934,1
42382.698987,4,0,0,998821,1
42384.446646,4,0,0,998829,1
42385.873689,4,0,0,998720,1
42388.654618,4,0,0,998670,1
42390.470364,4,0,0,998713,1
42397.852730,4,0,0,998755,1
42400.647063,4,0,0,998781,1
42410.736645,4,0,0,998557,1
42412.457441,4,0,0,998586,1
42431.483251,4,0,0,998572,1
42432.122877,4,0,0,998600,1
42436.801281,4,0,0,998676,1
42437.435500,4,0,0,998682,1
42438.652198,4,0,0,998727,1
42446.425562,4,0,0,998555,1
42450.250512,4,0,0,998593,1
42452.458813,4,0,0,998765,1
42452.760213,4,0,0,998791,1
42462.583678,4,0,0,998725,1
42467.662396,4,0,0,998973,1
42467.857397,4,0,0,998998,1
42470.014801,4,0,0,998922,1
42473.363639,4,0,0,999061,1
42473.566580,4,0,0,999074,1
42474.000112,4,0,0,999064,1
42478.939134,4,0,0,999003,1
42489.544630,4,0,0,998933,1
42491.532986,4,0,0,998833,1
42491.730205,4,0,0,998882,1
42494.842214,4,0,0,998967,1
42501.982892,4,0,0,998872,1
42509.086747,4,0,0,998889,1
42516.781719,4,0,0,998887,1
42523.918109,4,0,0,998942,1
42529.960604,4,0,0,998813,1
42530.343405,4,0,0,998840,1
42535.722925,4,0,0,998686,1
42550.353304,4,0,0,998777,1
42553.643055,4,0,0,998729,1
42555.142924,4,0,0,998635,1
42564.957389,4,0,0,998492,1
42571.859575,4,0,0,998199,1
42575.709750,4,0,0,998156,1
42575.777261,4,0,0,998179,1
42578.378146,4,0,0,998220,1
42580.842944,4,0,0,998157,1
42587.221966,4,0,0,998126,1
42602.109133,4,0,0,997973,1
42605.382622,4,0,0,997967,1
42608.204325,4,0,0,997935,1
42612.440421,4,0,0,997944,1
42616.603703,4,0,0,997996,1
42621.810767,4,0,0,998081,1
42622.979277,4,0,0,998151,1
42625.608471,4,0,0,998114,1
42633.783977,4,0,0,998065,1
42637.786098,4,0,0,998269,1
42640.286978,4,0,0,998241,1
42641.095944,4,0,0,998297,1
42642.079033,4,0,0,998322,1
42642.435831,4,0,0,998385,1
42653.771775,4,0,0,998444,1
42657.698935,4,0,0,998476,1
42663.759931,4,0,0,998320,1
42669.412671,4,0,0,998216,1
42673.816990,4,0,0,998393,1
42674.378767,4,0,0,998370,1
42677.173292,4,0,0,998501,1
42678.944475,4,0,0,998549,1
42678.961749,4,0,0,998540,1
42682.351491,4,0,0,998635,1
42694.802532,4,0,0,998405,1
42710.393047,4,0,0,998228,1
42711.014571,4,0,0,998187,1
42718.343931,4,0,0,998311,1
42718.461900,4,0,0,998303,1
42719.200426,4,0,0,998412,1
42719.945434,4,0,0,998403,1
42721.537117,4,0,0,998346,1
42721.660913,4,0,0,998333,1
42722.776961,4,0,0,998262,1
42723.146715,4,0,0,998301,1
42728.914186,4,0,0,998116,1
42738.364227,4,0,0,998240,1
42742.000113,4,0,0,998286,1
42742.322265,4,0,0,998244,1
42743.585338,4,0,0,998211,1
42744.075462,4,0,0,998248,1
42763.168508,4,0,0,998061,1
42766.398580,4,0,0,998121,1
42767.292162,4,0,0,998094,1
42771.274410,4,0,0,998077,1
42772.667800,4,0,0,998113,1
42777.280128,4,0,0,997948,1
42780.250303,4,0,0,997937,1
42784.831522,4,0,0,997889,1
42792.760120,4,0,0,998003,1
42796.037341,4,0,0,998005,1
42796.878928,4,0,0,998074,1
42799.798262,4,0,0,998182,1
42803.821942,4,0,0,997964,1
42804.931989,4,0,0,997968,1
42813.913737,4,0,0,998040,1
42819.382828,4,0,0,998182,1
42820.015540,4,0,0,998227,1
42827.109517,4,0,0,998154,1
42833.811549,4,0,0,998078,1
42838.055530,4,0,0,998020,1
42841.522959,4,0,0,997963,1
42844.804640,4,0,0,998043,1
42845.289315,4,0,0,998056,1
42845.506876,4,0,0,998045,1
42853.304296,4,0,0,998172,1
42855.847854,4,0,0,998160,1
42859.873229,4,0,0,998267,1
42864.751536,4,0,0,998223,1
42874.928972,4,0,0,998100,1
42880.266932,4,0,0,998319,1
42883.120087,4,0,0,998415,1
42886.697209,4,0,0,998233,1
42887.975842,4,0,0,998251,1
42897.671228,4,0,0,998345,1
42902.117453,4,0,0,998352,1
42902.443762,4,0,0,998307,1
42909.106162,4,0,0,998048,1
42932.692747,4,0,0,997904,1
42945.112970,4,0,0,997723,1
42950.483450,4,0,0,997841,1
42955.252052,4,0,0,997797,1
42978.158852,4,0,0,997192,1
42985.822408,4,0,0,997090,1
42987.947429,4,0,0,997060,1
42997.610013,4,0,0,996895,1
43011.066821,4,0,0,996683,1
43013.860672,4,0,0,996742,1
43016.102109,4,0,0,996611,1
43019.774759,4,0,0,996478,1
43020.570962,4,0,0,996402,1
43028.958252,4,0,0,996721,1
43030.078135,4,0,0,996684,1
43036.560712,4,0,0,996663,1
43038.657880,4,0,0,996617,1
43040.171341,4,0,0,996606,1
43048.834868,4,0,0,996454,1
43067.437979,4,0,0,996125,1
43069.479659,4,0,0,996170,1
43082.003143,4,0,0,996312,1
43083.003129,4,0,0,996278,1
43085.455330,4,0,0,996298,1
43087.586277,4,0,0,996297,1
43092.165422,4,0,0,996235,1
43094.259155,4,0,0,996380,1
43095.644401,4,0,0,996347,1
43100.635304,4,0,0,996236,1
43103.660036,4,0,0,996209,1
43109.386576,4,0,0,996143,1
43113.151792,4,0,0,996139,1
43115.645541,4,0,0,995958,1
43118.975703,4,0,0,995871,1
43127.343653,4,0,0,995410,1
43133.523026,4,0,0,995376,1
43135.482610,4,0,0,995390,1
43138.646820,4,0,0,995363,1
43138.798456,4,0,0,995397,1
43149.076015,4,0,0,995143,1
43165.705808,4,0,0,995451,1
43172.370908,4,0,0,995579,1
43182.799723,4,0,0,995475,1
43183.686700,4,0,0,995450,1
43185.778003,4,0,0,995492,1
43186.498277,4,0,0,995550,1
43186.756910,4,0,0,995601,1
43189.037467,4,0,0,995557,1
43192.761233,4,0,0,995511,1
43200.503920,4,0,0,995579,1
43210.247748,4,0,0,995648,1
43211.578940,4,0,0,995646,1
43221.346517,4,0,0,995426,1
43232.635555,4,0,0,995463,1
43237.177355,4,0,0,995488,1
43244.517309,4,0,0,995496,1
43259.465378,4,0,0,995438,1
43262.979992,4,0,0,995249,1
43263.591177,4,0,0,995275,1
43264.597573,4,0,0,995236,1
43268.912972,4,0,0,995327,1
43274.405182,4,0,0,995246,1
43276.775180,4,0,0,995252,1
43278.531950,4,0,0,995241,1
43285.568275,4,0,0,995455,1
43291.443687,4,0,0,995744,1
43301.016896,4,0,0,995948,1
43305.873734,4,0,0,995916,1
43311.167593,4,0,0,996017,1
43314.353277,4,0,0,996069,1
43316.706990,4,0,0,996069,1
43321.340221,4,0,0,996133,1
43325.739565,4,0,0,996241,1
43326.932823,4,0,0,996260,1
43329.071998,4,0,0,996380,1
43329.518769,4,0,0,996371,1
43334.791964,4,0,0,996533,1
43335.537093,4,0,0,996531,1
43338.816451,4,0,0,996578,1
43358.413970,4,0,0,996431,1
43369.599451,4,0,0,996303,1
43375.989012,4,0,0,996351,1
43384.124278,4,0,0,996139,1
43389.820833,4,0,0,996096,1
43406.314874,4,0,0,996001,1
43407.245734,4,0,0,996020,1
43412.089873,4,0,0,995866,1
43414.542261,4,0,0,995843,1
43416.747799,4,0,0,995876,1
43432.333140,4,0,0,996108,1
43440.579811,4,0,0,996366,1
43442.273356,4,0,0,996400,1
43446.156604,4,0,0,996409,1
43451.759429,4,0,0,996240,1
43455.803160,4,0,0,996360,1
43458.041651,4,0,0,996329,1
43458.380236,4,0,0,996396,1
43464.392309,4,0,0,996309,1
43470.686346,4,0,0,996116,1
43472.965157,4,0,0,995986,1
43473.285017,4,0,0,996047,1
43473.582150,4,0,0,995991,1
43479.588095,4,0,0,996180,1
43485.720506,4,0,0,996127,1
43496.120005,4,0,0,995804,1
43498.370542,4,0,0,995744,1
43502.705970,4,0,0,995620,1
43507.977294,4,0,0,995607,1
43514.466781,4,0,0,995403,1
43529.507491,4,0,0,995588,1
43531.694064,4,0,0,995607,1
43536.256622,4,0,0,995760,1
43545.823966,4,0,0,995654,1
43555.736003,4,0,0,995543,1
43556.775375,4,0,0,995575,1
43558.103594,4,0,0,995572,1
43560.268467,4,0,0,995481,1
43561.727512,4,0,0,995541,1
43562.980706,4,0,0,995592,1
43574.404126,4,0,0,995682,1
43578.806481,4,0,0,995698,1
43586.098981,4,0,0,995473,1
43589.908699,4,0,0,995534,1
43590.160015,4,0,0,995468,1
43592.981744,4,0,0,995468,1
43594.158011,4,0,0,995449,1
43595.684587,4,0,0,995465,1
43603.272314,4,0,0,995664,1
43606.029665,4,0,0,995775,1
43610.396066,4,0,0,995698,1
43611.753779,4,0,0,995646,1
43611.783826,4,0,0,995648,1
43613.015859,4,0,0,995648,1
43613.535010,4,0,0,995670,1
43626.398194,4,0,0,995843,1
43638.215389,4,0,0,996134,1
43641.556943,4,0,0,996169,1
43650.805056,4,0,0,996032,1
43652.442325,4,0,0,995976,1
43661.402160,4,0,0,995904,1
43662.813460,4,0,0,996025,1
43666.620655,4,0,0,996107,1
43668.475152,4,0,0,996208,1
43670.114879,4,0,0,996261,1
43674.561827,4,0,0,996031,1
43676.028360,4,0,0,996084,1
43681.664580,4,0,0,996054,1
43702.358239,4,0,0,996095,1
43713.055497,4,0,0,996002,1
43713.718865,4,0,0,995974,1
43713.797601,4,0,0,995960,1
43717.269711,4,0,0,996048,1
43727.486880,4,0,0,995904,1
43733.378645,4,0,0,995749,1
43742.821256,4,0,0,995667,1
43747.897555,4,0,0,995781,1
43750.261052,4,0,0,995810,1
43752.254099,4,0,0,995693,1
43758.189121,4,0,0,995472,1
43765.244881,4,0,0,995575,1
43773.552363,4,0,0,995299,1
43774.595353,4,0,0,995356,1
43776.359937,4,0,0,995390,1
43776.478656,4,0,0,995381,1
43777.601135,4,0,0,995303,1
43780.265594,4,0,0,995247,1
43787.952241,4,0,0,995372,1
43800.894559,4,0,0,995685,1
43808.628915,4,0,0,995588,1
43813.418367,4,0,0,995517,1
43817.405634,4,0,0,995404,1
43818.338255,4,0,0,995341,1
43824.472025,4,0,0,995333,1
43826.232633,4,0,0,995450,1
43831.345213,4,0,0,995596,1
43835.081102,4,0,0,995522,1
43838.283868,4,0,0,995478,1
43844.288466,4,0,0,995754,1
43845.006649,4,0,0,995684,1
43848.157025,4,0,0,995690,1
43848.699804,4,0,0,995712,1
43851.194547,4,0,0,995729,1
43854.605835,4,0,0,995585,1
43862.694306,4,0,0,995547,1
43864.087324,4,0,0,995593,1
43869.156449,4,0,0,995691,1
43878.263864,4,0,0,995684,1
43879.365447,4,0,0,995727,1
43879.732997,4,0,0,995739,1
43885.259746,4,0,0,995687,1
43886.067200,4,0,0,995680,1
43886.770291,4,0,0,995702,1
43888.357553,4,0,0,995673,1
43893.054903,4,0,0,995637,1
43896.404403,4,0,0,995840,1
43897.931009,4,0,0,995840,1
43898.143401,4,0,0,995826,1
43904.716731,4,0,0,995654,1
43906.522426,4,0,0,995703,1
43907.663869,4,0,0,995739,1
43911.648826,4,0,0,995906,1
43914.501296,4,0,0,995865,1
43914.930511,4,0,0,995853,1
43916.066253,4,0,0,995874,1
43928.102594,4,0,0,995907,1
43935.632851,4,0,0,996127,1
43936.333407,4,0,0,996200,1
43937.834785,4,0,0,996243,1
43939.373648,4,0,0,996083,1
43942.795209,4,0,0,995952,1
43952.749081,4,0,0,996130,1
43956.399685,4,0,0,996047,1
43956.765060,4,0,0,996138,1
43970.060229,4,0,0,996077,1
43970.707116,4,0,0,996050,1
43973.563794,4,0,0,996138,1
43979.056085,4,0,0,996353,1
43983.862271,4,0,0,996424,1
43985.621546,4,0,0,996477,1
43989.582689,4,0,0,996531,1
43993.930470,4,0,0,996629,1
43994.252406,4,0,0,996609,1
44004.148553,4,0,0,996725,1
44006.556281,4,0,0,996718,1
44009.282132,4,0,0,996616,1
44012.303450,4,0,0,996552,1
44020.540946,4,0,0,996709,1
44022.882323,4,0,0,996677,1
44036.909111,4,0,0,996791,1
44040.376397,4,0,0,996630,1
44046.747526,4,0,0,996497,1
44053.705789,4,0,0,996589,1
44054.172346,4,0,0,996572,1
44058.092455,4,0,0,996489,1
44058.880717,4,0,0,996457,1
44060.807504,4,0,0,996456,1
44064.077418,4,0,0,996585,1
44065.801813,4,0,0,996584,1
44089.804288,4,0,0,996561,1
44091.605865,4,0,0,996620,1
44093.530890,4,0,0,996593,1
44097.485413,4,0,0,996647,1
44098.813247,4,0,0,996614,1
44114.048054,4,0,0,996355,1
44131.893041,4,0,0,996321,1
44136.262234,4,0,0,996283,1
44144.888146,4,0,0,996365,1
44147.310733,4,0,0,996379,1
44149.873487,4,0,0,996380,1
44151.941011,4,0,0,996378,1
44162.514799,4,0,0,996355,1
44170.011038,4,0,0,996402,1
44170.114874,4,0,0,996387,1
44171.021470,4,0,0,996411,1
44174.110146,4,0,0,996447,1
44177.808253,4,0,0,996264,1
44180.794317,4,0,0,996191,1
44182.934146,4,0,0,996315,1
44183.285298,4,0,0,996324,1
44184.324391,4,0,0,996377,1
44197.324620,4,0,0,996659,1
44202.487641,4,0,0,996703,1
44204.761401,4,0,0,996688,1
44206.426867,4,0,0,996653,1
44206.754952,4,0,0,996672,1
44207.558768,4,0,0,996701,1
44217.004599,4,0,0,996583,1
44219.409877,4,0,0,996561,1
44223.551801,4,0,0,996376,1
44224.625250,4,0,0,996333,1
44231.913123,4,0,0,996326,1
44232.649967,4,0,0,996378,1
44234.088276,4,0,0,996348,1
44234.179372,4,0,0,996335,1
44234.355591,4,0,0,996337,1
44235.427740,4,0,0,996332,1
44239.703266,4,0,0,996301,1
44247.241761,4,0,0,996208,1
44248.225054,4,0,0,996181,1
44249.437665,4,0,0,996158,1
44250.345397,4,0,0,996166,1
44254.458880,4,0,0,996385,1
44272.905005,4,0,0,996693,1
44276.466697,4,0,0,996698,1
44276.550733,4,0,0,996700,1
44282.763936,4,0,0,996879,1
44284.105503,4,0,0,996890,1
44284.342510,4,0,0,996887,1
44291.263420,4,0,0,996814,1
44291.676246,4,0,0,996783,1
44292.396048,4,0,0,996804,1
44307.338571,4,0,0,996666,1
44316.048578,4,0,0,996655,1
44318.089192,4,0,0,996672,1
44320.492453,4,0,0,996693,1
44321.603791,4,0,0,996771,1
44325.787311,4,0,0,996833,1
44328.255519,4,0,0,996919,1
44328.917409,4,0,0,996890,1
44330.226410,4,0,0,996991,1
44338.623017,4,0,0,997094,1
44339.631618,4,0,0,997102,1
44340.587431,4,0,0,997118,1
44341.143254,4,0,0,997095,1
44347.292278,4,0,0,997079,1
44355.536610,4,0,0,997124,1
44359.304671,4,0,0,996989,1
44359.856740,4,0,0,997018,1
44361.189481,4,0,0,996970,1
44362.823924,4,0,0,996902,1
44364.171131,4,0,0,996937,1
44366.193616,4,0,0,996912,1
44368.081347,4,0,0,996848,1
44373.369062,4,0,0,996884,1
44373.826862,4,0,0,996903,1
44374.627125,4,0,0,996915,1
44382.033894,4,0,0,996689,1
44383.081144,4,0,0,996554,1
44386.956667,4,0,0,996653,1
44390.603704,4,0,0,996698,1
44394.192824,4,0,0,996666,1
44407.133894,4,0,0,996977,1
44408.912902,4,0,0,996964,1
44409.143466,4,0,0,996987,1
44409.631306,4,0,0,997033,1
44423.150155,4,0,0,997084,1
44426.632742,4,0,0,996976,1
44428.233419,4,0,0,997045,1
44430.714105,4,0,0,997057,1
44432.004599,4,0,0,997068,1
44437.263808,4,0,0,997027,1
44437.934774,4,0,0,997088,1
44442.369404,4,0,0,997051,1
44449.005486,4,0,0,997024,1
44450.505831,4,0,0,997144,1
44468.150372,4,0,0,997319,1
44470.114856,4,0,0,997373,1
44491.116032,4,0,0,997488,1
44493.212214,4,0,0,997498,1
44496.164287,4,0,0,997490,1
44503.190700,4,0,0,997342,1
44508.892331,4,0,0,997330,1
44509.285768,4,0,0,997283,1
44511.046691,4,0,0,997296,1
44513.770758,4,0,0,997136,1
44515.962107,4,0,0,997178,1
44519.226214,4,0,0,997056,1
44519.848084,4,0,0,997055,1
44526.226576,4,0,0,997140,1
44527.446635,4,0,0,997078,1
44530.968674,4,0,0,997015,1
44536.818829,4,0,0,997038,1
44537.651771,4,0,0,997047,1
44542.606565,4,0,0,997161,1
44549.135216,4,0,0,997102,1
44550.011375,4,0,0,997063,1
44554.251149,4,0,0,997177,1
44558.140188,4,0,0,997270,1
44574.304256,4,0,0,997463,1
44582.367345,4,0,0,997472,1
44584.813652,4,0,0,997556,1
44590.329018,4,0,0,997210,1
44592.834994,4,0,0,997303,1
44594.049135,4,0,0,997243,1
44595.330405,4,0,0,997281,1
44596.373462,4,0,0,997301,1
44599.343693,4,0,0,997205,1
44602.709161,4,0,0,997183,1
44602.880915,4,0,0,997158,1
44602.970308,4,0,0,997138,1
44604.853551,4,0,0,997093,1
44607.416542,4,0,0,997022,1
44609.355903,4,0,0,997031,1
44609.589891,4,0,0,997030,1
44609.676808,4,0,0,997039,1
44612.193069,4,0,0,996955,1
44613.511809,4,0,0,996930,1
44615.555137,4,0,0,996879,1
44623.717163,4,0,0,996766,1
44623.754286,4,0,0,996767,1
44629.504018,4,0,0,996760,1
44635.995172,4,0,0,996895,1
44636.372361,4,0,0,996905,1
44640.131869,4,0,0,996941,1
44640.923951,4,0,0,997025,1
44641.929572,4,0,0,997072,1
44643.268972,4,0,0,997131,1
44647.126780,4,0,0,997373,1
44647.131228,4,0,0,997376,1
44649.790755,4,0,0,997403,1
44651.598842,4,0,0,997502,1
44657.688129,4,0,0,997522,1
44663.232803,4,0,0,997360,1
44670.557773,4,0,0,997608,1
44683.180547,4,0,0,997899,1
44686.433279,4,0,0,997982,1
44686.514734,4,0,0,997980,1
44698.596914,4,0,0,997950,1
44698.983822,4,0,0,997959,1
44710.921629,4,0,0,998122,1
44718.392199,4,0,0,998333,1
44719.417209,4,0,0,998371,1
44721.627116,4,0,0,998371,1
44725.665628,4,0,0,998448,1
44728.262974,4,0,0,998573,1
44735.382478,4,0,0,998563,1
44735.570732,4,0,0,998563,1
44739.385528,4,0,0,998656,1
44740.034892,4,0,0,998658,1
44742.643638,4,0,0,998829,1
44749.523737,4,0,0,998706,1
44757.948536,4,0,0,999111,1
44758.661123,4,0,0,999045,1
44764.487098,4,0,0,999134,1
44764.842996,4,0,0,999150,1
44773.550188,4,0,0,999092,1
44775.828298,4,0,0,999105,1
44776.849060,4,0,0,999187,1
44781.365517,4,0,0,999311,1
44781.527744,4,0,0,999315,1
44790.344157,4,0,0,999299,1
44803.032339,4,0,0,999333,1
44821.256668,4,0,0,998977,1
44823.511361,4,0,0,999006,1
44824.887352,4,0,0,999038,1
44837.865015,4,0,0,998929,1
44849.847980,4,0,0,998849,1
44861.996806,4,0,0,998990,1
44873.978315,4,0,0,998950,1
44878.858305,4,0,0,998951,1
44878.874480,4,0,0,998956,1
44885.312470,4,0,0,998911,1
44899.217741,4,0,0,998709,1
44900.296107,4,0,0,998767,1
44901.676347,4,0,0,998713,1
44903.193297,4,0,0,998749,1
44910.279407,4,0,0,998632,1
44914.790819,4,0,0,998422,1
44915.001446,4,0,0,998447,1
44918.660612,4,0,0,998530,1
44920.564166,4,0,0,998513,1
44927.519064,4,0,0,998737,1
44931.996690,4,0,0,998693,1
44933.986991,4,0,0,998601,1
44934.867491,4,0,0,998588,1
44935.237267,4,0,0,998579,1
44941.242405,4,0,0,998510,1
44945.926724,4,0,0,998598,1
44947.602256,4,0,0,998618,1
44956.921020,4,0,0,998560,1
44957.340800,4,0,0,998537,1
44966.768453,4,0,0,998675,1
44967.778062,4,0,0,998680,1
44973.488370,4,0,0,998872,1
44975.033242,4,0,0,998977,1
44975.632693,4,0,0,998951,1
44977.426733,4,0,0,999054,1
44984.209255,4,0,0,999079,1
44989.710699,4,0,0,999044,1
44995.945725,4,0,0,999089,1
44997.544913,4,0,0,999099,1
45005.658887,4,0,0,999122,1
45006.049622,4,0,0,999092,1
45007.019157,4,0,0,999066,1
45019.745909,4,0,0,999209,1
45023.465824,4,0,0,999181,1
45030.144344,4,0,0,999060,1
45034.586140,4,0,0,999191,1
45035.894394,4,0,0,999205,1
45037.593934,4,0,0,999150,1
45043.517342,4,0,0,999078,1
45046.568578,4,0,0,999145,1
45053.095403,4,0,0,998952,1
45062.719011,4,0,0,999115,1
45065.678256,4,0,0,999018,1
45074.123115,4,0,0,999009,1
45078.006063,4,0,0,999082,1
45096.909823,4,0,0,998715,1
45100.158871,4,0,0,998739,1
45121.654013,4,0,0,998939,1
45125.569613,4,0,0,998825,1
45132.718902,4,0,0,998567,1
45141.245697,4,0,0,998553,1
45151.141202,4,0,0,998814,1
45153.450507,4,0,0,998693,1
45154.067246,4,0,0,998670,1
45154.153372,4,0,0,998665,1
45166.466071,4,0,0,999029,1
45167.493465,4,0,0,999005,1
45176.428077,4,0,0,998930,1
45179.528186,4,0,0,999097,1
45182.313210,4,0,0,999086,1
45196.543382,4,0,0,999150,1
45200.151563,4,0,0,999049,1
45200.460817,4,0,0,999071,1
45208.225677,4,0,0,999177,1
45208.608546,4,0,0,999154,1
45212.352314,4,0,0,999032,1
45220.082908,4,0,0,999300,1
45223.110553,4,0,0,999238,1
45233.726929,4,0,0,999164,1
45234.248357,4,0,0,999208,1
45236.119271,4,0,0,999217,1
45246.933827,4,0,0,999181,1
45255.331219,4,0,0,999286,1
45258.952991,4,0,0,999296,1
45260.733557,4,0,0,999333,1
45261.442902,4,0,0,999369,1
45270.326853,4,0,0,999266,1
45271.618120,4,0,0,999268,1
45277.547159,4,0,0,999116,1
45280.045308,4,0,0,999026,1
45284.524450,4,0,0,999018,1
45285.367935,4,0,0,998970,1
45289.425107,4,0,0,998954,1
45298.246711,4,0,0,998658,1
45300.848487,4,0,0,998720,1
45304.496175,4,0,0,998671,1
45305.667819,4,0,0,998606,1
45317.920690,4,0,0,998738,1
45324.674696,4,0,0,998489,1
45325.494906,4,0,0,998439,1
45342.650062,4,0,0,998558,1
45353.666809,4,0,0,998406,1
45358.369406,4,0,0,998412,1
45370.184701,4,0,0,998632,1
45380.357389,4,0,0,998780,1
45387.491780,4,0,0,998987,1
45396.959043,4,0,0,999196,1
45397.213291,4,0,0,999225,1
45398.360858,4,0,0,999121,1
45404.435144,4,0,0,999126,1
45412.031502,4,0,0,999005,1
45412.872874,4,0,0,999010,1
45415.849640,4,0,0,999061,1
45417.776099,4,0,0,998989,1
45427.887823,4,0,0,999066,1
45430.515446,4,0,0,999071,1
45436.652651,4,0,0,999269,1
45441.977292,4,0,0,999475,1
45443.785541,4,0,0,999445,1
45466.599509,4,0,0,999568,1
45475.032208,4,0,0,999752,1
45476.599164,4,0,0,999886,1
45478.959893,4,0,0,999755,1
45479.833333,4,0,0,999713,1
45492.348319,4,0,0,999938,1
45493.327303,4,0,0,999947,1
45512.558837,4,0,0,999710,1
45514.525368,4,0,0,999770,1
45519.277998,4,0,0,999702,1
45521.310429,4,0,0,999784,1
45527.198027,4,0,0,999570,1
45533.349349,4,0,0,999453,1
45545.380616,4,0,0,999581,1
45548.663119,4,0,0,999628,1
45550.251629,4,0,0,999632,1
45555.795006,4,0,0,999583,1
45555.920441,4,0,0,999588,1
45560.556991,4,0,0,999640,1
45560.751945,4,0,0,999657,1
45570.686641,4,0,0,999324,1
45580.412876,4,0,0,999070,1
45586.863133,4,0,0,999029,1
45591.007126,4,0,0,999171,1
45591.069090,4,0,0,999182,1
45592.007662,4,0,0,999246,1
45602.804530,4,0,0,999185,1
45602.920196,4,0,0,999190,1
45604.615782,4,0,0,999211,1
45604.873899,4,0,0,999207,1
45608.630003,4,0,0,999103,1
45613.422600,4,0,0,998934,1
45613.906691,4,0,0,998899,1
45614.295448,4,0,0,998867,1
45615.893820,4,0,0,998840,1
45620.329123,4,0,0,998725,1
45622.734415,4,0,0,998783,1
45624.043370,4,0,0,998806,1
45624.331252,4,0,0,998790,1
45631.775826,4,0,0,998575,1
45644.536253,4,0,0,998767,1
45646.362325,4,0,0,998728,1
45660.383538,4,0,0,998789,1
45661.329517,4,0,0,998824,1
45664.435121,4,0,0,998851,1
45668.227631,4,0,0,998746,1
45686.949833,4,0,0,998593,1
45688.397198,4,0,0,998608,1
45697.718090,4,0,0,998232,1
45699.108731,4,0,0,998175,1
45700.271696,4,0,0,998199,1
45700.622837,4,0,0,998212,1
45701.925264,4,0,0,998208,1
45702.217629,4,0,0,998195,1
45712.795749,4,0,0,998249,1
45712.798197,4,0,0,998255,1
45721.958506,4,0,0,998285,1
45726.123411,4,0,0,998215,1
45726.754231,4,0,0,998183,1
45728.999571,4,0,0,998262,1
45732.635653,4,0,0,998296,1
45737.790558,4,0,0,998354,1
45740.264296,4,0,0,998400,1
45741.208495,4,0,0,998410,1
45742.387415,4,0,0,998320,1
45745.558810,4,0,0,998396,1
45749.615032,4,0,0,998387,1
45762.086542,4,0,0,998382,1
45762.744456,4,0,0,998324,1
45764.355631,4,0,0,998313,1
45767.503170,4,0,0,998324,1
45774.299246,4,0,0,998198,1
45776.477485,4,0,0,998273,1
45779.317509,4,0,0,998243,1
45800.480867,4,0,0,998081,1
45800.536543,4,0,0,998069,1
45800.958849,4,0,0,998093,1
45802.122065,4,0,0,997996,1
45807.417488,4,0,0,997842,1
45808.573894,4,0,0,997873,1
45810.774117,4,0,0,997933,1
45815.904962,4,0,0,998046,1
45819.211407,4,0,0,998037,1
45821.137376,4,0,0,998062,1
45833.179671,4,0,0,998146,1
45836.070953,4,0,0,998175,1
45836.315218,4,0,0,998151,1
45843.987466,4,0,0,998019,1
45855.780966,4,0,0,997998,1
45856.867447,4,0,0,998024,1
45860.541330,4,0,0,998019,1
45860.879532,4,0,0,998027,1
45862.624413,4,0,0,997930,1
45888.699108,4,0,0,998154,1
45891.344301,4,0,0,998112,1
45893.696622,4,0,0,998139,1
45894.914081,4,0,0,998097,1
45895.792309,4,0,0,998072,1
45896.195250,4,0,0,998026,1
45896.196539,4,0,0,998023,1
45904.087784,4,0,0,998113,1
45908.804136,4,0,0,997879,1
45908.899279,4,0,0,997905,1
45909.360799,4,0,0,997939,1
45927.521860,4,0,0,997549,1
45935.159681,4,0,0,997548,1
45936.055294,4,0,0,997521,1
45959.232954,4,0,0,997184,1
45963.748109,4,0,0,997053,1
45966.193996,4,0,0,996959,1
45966.745310,4,0,0,996959,1
45967.059788,4,0,0,996955,1
45968.732206,4,0,0,996824,1
45969.514449,4,0,0,996806,1
45972.146356,4,0,0,996765,1
45975.796041,4,0,0,996799,1
45978.087657,4,0,0,996792,1
45979.760329,4,0,0,996813,1
45989.914257,4,0,0,996736,1
45993.371879,4,0,0,996790,1
46010.414875,4,0,0,996679,1
46012.140222,4,0,0,996710,1
46013.836872,4,0,0,996777,1
46019.993383,4,0,0,996942,1
46020.704901,4,0,0,996980,1
46039.166365,4,0,0,996874,1
46040.705122,4,0,0,996891,1
46049.851389,4,0,0,996779,1
46052.621654,4,0,0,996738,1
46059.887062,4,0,0,996762,1
46061.536129,4,0,0,996731,1
46067.318880,4,0,0,996693,1
46068.786703,4,0,0,996661,1
46073.482541,4,0,0,996674,1
46075.369721,4,0,0,996705,1
46075.450104,4,0,0,996701,1
46089.300410,4,0,0,996758,1
46089.800329,4,0,0,996774,1
46089.913762,4,0,0,996767,1
46103.143711,4,0,0,996816,1
46112.200994,4,0,0,996805,1
46112.603320,4,0,0,996763,1
46113.961297,4,0,0,996713,1
46117.391071,4,0,0,996745,1
46117.836042,4,0,0,996738,1
46120.384399,4,0,0,996783,1
46136.936306,4,0,0,996625,1
46143.177041,4,0,0,996593,1
46147.329043,4,0,0,996744,1
46147.963014,4,0,0,996775,1
46151.801903,4,0,0,996717,1
46164.397827,4,0,0,996508,1
46175.447379,4,0,0,996578,1
46180.661804,4,0,0,996530,1
46186.020487,4,0,0,996631,1
46191.917574,4,0,0,996488,1
46191.985196,4,0,0,996497,1
46192.220197,4,0,0,996482,1
46197.630896,4,0,0,996375,1
46201.286252,4,0,0,996482,1
46209.810077,4,0,0,996649,1
46211.355310,4,0,0,996651,1
46215.481474,4,0,0,996619,1
46218.441942,4,0,0,996648,1
46224.609240,4,0,0,996812,1
46224.935213,4,0,0,996812,1
46227.812242,4,0,0,996882,1
46235.678862,4,0,0,996863,1
46235.682219,4,0,0,996859,1
46237.654924,4,0,0,996755,1
46239.667562,4,0,0,996694,1
46242.337295,4,0,0,996765,1
46247.695435,4,0,0,996896,1
46250.772823,4,0,0,996875,1
46257.186993,4,0,0,996765,1
46260.697261,4,0,0,996793,1
46262.371234,4,0,0,996849,1
46271.317193,4,0,0,996920,1
46274.222641,4,0,0,996898,1
46275.348540,4,0,0,996778,1
46277.221538,4,0,0,996766,1
46289.034678,4,0,0,996838,1
46303.089902,4,0,0,997155,1
46307.656274,4,0,0,997145,1
46308.927883,4,0,0,997112,1
46311.604507,4,0,0,997221,1
46321.341214,4,0,0,997212,1
46322.666902,4,0,0,997130,1
46324.108466,4,0,0,997177,1
46325.892613,4,0,0,997184,1
46328.354579,4,0,0,997118,1
46329.085360,4,0,0,997100,1
46330.379525,4,0,0,997128,1
46330.783895,4,0,0,997123,1
46334.030577,4,0,0,996990,1
46334.970568,4,0,0,996997,1
46336.133553,4,0,0,997007,1
46337.875448,4,0,0,997009,1
46340.529212,4,0,0,996965,1
46342.812782,4,0,0,996881,1
46346.611409,4,0,0,996986,1
46346.897500,4,0,0,997007,1
46346.992617,4,0,0,996988,1
46348.865295,4,0,0,997085,1
46351.687704,4,0,0,997035,1
46371.046398,4,0,0,996974,1
46371.161080,4,0,0,996995,1
46380.040910,4,0,0,997258,1
46380.856205,4,0,0,997325,1
46384.629988,4,0,0,997415,1
46391.704269,4,0,0,997508,1
46398.644713,4,0,0,997711,1
46399.809483,4,0,0,997632,1
46407.740041,4,0,0,997700,1
46408.008371,4,0,0,997702,1
46410.245312,4,0,0,997752,1
46425.966210,4,0,0,997559,1
46432.775018,4,0,0,997528,1
46435.351097,4,0,0,997509,1
46436.507653,4,0,0,997526,1
46439.074323,4,0,0,997501,1
46441.724933,4,0,0,997509,1
46457.535455,4,0,0,997272,1
46458.632371,4,0,0,997279,1
46466.591766,4,0,0,997564,1
46474.671550,4,0,0,997707,1
46476.251816,4,0,0,997699,1
46485.009752,4,0,0,997677,1
46501.993510,4,0,0,997592,1
46505.017213,4,0,0,997614,1
46507.028900,4,0,0,997488,1
46510.044861,4,0,0,997420,1
46513.867941,4,0,0,997330,1
46518.165492,4,0,0,997149,1
46521.603717,4,0,0,997063,1
46530.578076,4,0,0,997023,1
46532.492976,4,0,0,997116,1
46556.285989,4,0,0,997038,1
46559.809051,4,0,0,997051,1
46560.217400,4,0,0,996982,1
46561.308059,4,0,0,997011,1
46565.160497,4,0,0,996962,1
46573.285715,4,0,0,997027,1
46574.349173,4,0,0,996988,1
46590.559452,4,0,0,996833,1
46591.101609,4,0,0,996877,1
46608.091755,4,0,0,996587,1
46609.104151,4,0,0,996607,1
46613.452986,4,0,0,996609,1
46620.006185,4,0,0,996692,1
46621.085839,4,0,0,996741,1
46623.553596,4,0,0,996741,1
46624.092720,4,0,0,996733,1
46633.439653,4,0,0,996798,1
46636.848771,4,0,0,996695,1
46642.297591,4,0,0,996813,1
46645.742793,4,0,0,996711,1
46658.666555,4,0,0,996620,1
46662.854125,4,0,0,996678,1
46665.694239,4,0,0,996735,1
46672.753196,4,0,0,996807,1
46677.743481,4,0,0,996762,1
46680.879120,4,0,0,996606,1
46681.242715,4,0,0,996628,1
46702.424746,4,0,0,996675,1
46702.870778,4,0,0,996619,1
46705.493123,4,0,0,996746,1
46713.061175,4,0,0,996886,1
46714.324505,4,0,0,996858,1
46716.227441,4,0,0,996726,1
46717.026639,4,0,0,996748,1
46717.654786,4,0,0,996706,1
46722.498971,4,0,0,996626,1
46724.022672,4,0,0,996637,1
46724.452258,4,0,0,996621,1
46737.091600,4,0,0,996747,1
46738.659536,4,0,0,996677,1
46741.897030,4,0,0,996784,1
46746.526679,4,0,0,996932,1
46751.458443,4,0,0,997115,1
46753.674000,4,0,0,997081,1
46757.820798,4,0,0,997264,1
46766.217484,4,0,0,997229,1
46769.777642,4,0,0,997298,1
46771.494301,4,0,0,997308,1
46772.831240,4,0,0,997354,1
46774.709982,4,0,0,997393,1
46777.824963,4,0,0,997394,1
46787.919775,4,0,0,997245,1
46792.079288,4,0,0,997393,1
46798.427946,4,0,0,997254,1
46802.856392,4,0,0,997307,1
46804.713750,4,0,0,997232,1
46820.875703,4,0,0,997365,1
46821.264243,4,0,0,997334,1
46823.585039,4,0,0,997431,1
46825.393376,4,0,0,997461,1
46826.661953,4,0,0,997473,1
46826.871867,4,0,0,997503,1
46829.515618,4,0,0,997476,1
46851.126617,4,0,0,997512,1
46857.270136,4,0,0,997870,1
46858.040588,4,0,0,997918,1
46867.647797,4,0,0,997994,1
46875.160417,4,0,0,997817,1
46886.325518,4,0,0,997867,1
46887.584883,4,0,0,997928,1
46895.947422,4,0,0,997800,1
46896.059204,4,0,0,997802,1
46897.814519,4,0,0,997863,1
46900.614064,4,0,0,997914,1
46902.886537,4,0,0,997946,1
46906.851770,4,0,0,998152,1
46912.047748,4,0,0,998191,1
46913.654882,4,0,0,998246,1
46914.040504,4,0,0,998263,1
46914.219767,4,0,0,998227,1
46916.752192,4,0,0,998243,1
46929.085651,4,0,0,998211,1
46933.702661,4,0,0,998312,1
46936.176560,4,0,0,998285,1
46944.363986,4,0,0,998331,1
46960.773490,4,0,0,998158,1
46982.677590,4,0,0,998021,1
46983.412386,4,0,0,998080,1
46984.395960,4,0,0,998042,1
46985.290418,4,0,0,998086,1
46999.381671,4,0,0,997998,1
47009.398764,4,0,0,997776,1
47012.804713,4,0,0,997825,1
47017.445025,4,0,0,997659,1
47020.375983,4,0,0,997557,1
47028.170805,4,0,0,997668,1
47033.214953,4,0,0,997727,1
47035.266153,4,0,0,997758,1
47035.967771,4,0,0,997745,1
47039.697418,4,0,0,997870,1
47039.869569,4,0,0,997882,1
47043.577633,4,0,0,997963,1
47045.552301,4,0,0,997922,1
47049.397323,4,0,0,997840,1
47050.890079,4,0,0,997893,1
47054.034079,4,0,0,997871,1
47064.303197,4,0,0,997747,1
47064.836141,4,0,0,997689,1
47065.294948,4,0,0,997762,1
47066.105274,4,0,0,997678,1
47066.857789,4,0,0,997646,1
47077.552723,4,0,0,997577,1
47078.716958,4,0,0,997558,1
47084.640831,4,0,0,997490,1
47092.113401,4,0,0,997258,1
47095.657441,4,0,0,997171,1
47102.789228,4,0,0,996907,1
47103.842512,4,0,0,996894,1
47104.691560,4,0,0,996941,1
47107.196530,4,0,0,996860,1
47108.090534,4,0,0,996848,1
47113.696127,4,0,0,996785,1
47116.512529,4,0,0,996923,1
47122.000322,4,0,0,996676,1
47125.901321,4,0,0,996620,1
47129.631205,4,0,0,996669,1
47131.310345,4,0,0,996611,1
47144.057606,4,0,0,996641,1
47144.200116,4,0,0,996640,1
47148.841097,4,0,0,996755,1
47157.374750,4,0,0,996888,1
47164.266610,4,0,0,996588,1
47164.797896,4,0,0,996613,1
47174.645500,4,0,0,996651,1
47182.789030,4,0,0,996471,1
47191.886322,4,0,0,996325,1
47196.506404,4,0,0,996172,1
47205.961858,4,0,0,995947,1
47213.663225,4,0,0,996086,1
47228.167385,4,0,0,995902,1
47232.466423,4,0,0,995845,1
47240.249892,4,0,0,995812,1
47241.502147,4,0,0,995768,1
47251.757247,4,0,0,995954,1
47254.327477,4,0,0,995982,1
47258.265681,4,0,0,995968,1
47258.418699,4,0,0,995988,1
47258.876638,4,0,0,995976,1
47261.947689,4,0,0,996089,1
47266.709645,4,0,0,996062,1
47274.618686,4,0,0,996052,1
47282.639413,4,0,0,996050,1
47286.318950,4,0,0,996127,1
47292.405199,4,0,0,995988,1
47292.692302,4,0,0,995983,1
47296.623020,4,0,0,995930,1
47300.221900,4,0,0,996027,1
47306.498777,4,0,0,996052,1
47310.084892,4,0,0,995939,1
47310.592915,4,0,0,995984,1
47316.011617,4,0,0,996018,1
47322.824879,4,0,0,996184,1
47327.450922,4,0,0,996295,1
47338.107029,4,0,0,996403,1
47344.083017,4,0,0,996359,1
47346.401314,4,0,0,996437,1
47349.245387,4,0,0,996386,1
47350.302031,4,0,0,996252,1
47354.446910,4,0,0,996309,1
47354.647305,4,0,0,996311,1
47358.040819,4,0,0,996316,1
47368.790109,4,0,0,996273,1
47373.038421,4,0,0,996206,1
47376.158233,4,0,0,996142,1
47377.517115,4,0,0,996099,1
47377.873978,4,0,0,996085,1
47379.132719,4,0,0,996119,1
47387.217888,4,0,0,996065,1
47390.225166,4,0,0,996027,1
47390.617575,4,0,0,996037,1
47394.256419,4,0,0,996053,1
47399.960961,4,0,0,996097,1
47402.696176,4,0,0,995909,1
47406.195444,4,0,0,995607,1
47406.647020,4,0,0,995607,1
47407.451680,4,0,0,995632,1
47411.569820,4,0,0,995671,1
47413.647831,4,0,0,995594,1
47416.407824,4,0,0,995408,1
47433.500190,4,0,0,995240,1
47434.082577,4,0,0,995266,1
47434.163788,4,0,0,995274,1
47435.506543,4,0,0,995270,1
47441.456326,4,0,0,995149,1
47442.532713,4,0,0,995201,1
47444.226842,4,0,0,995132,1
47447.756270,4,0,0,995174,1
47449.946685,4,0,0,995189,1
47454.859498,4,0,0,995136,1
47460.327590,4,0,0,995190,1
47462.703808,4,0,0,995191,1
47465.332973,4,0,0,995273,1
47481.659556,4,0,0,995523,1
47484.837872,4,0,0,995543,1
47492.229811,4,0,0,995444,1
47533.442414,4,0,0,995113,1
47534.069948,4,0,0,995079,1
47534.634291,4,0,0,995070,1
47535.600112,4,0,0,995057,1
47536.199730,4,0,0,994997,1
47542.529304,4,0,0,994967,1
47543.896169,4,0,0,994863,1
47544.245826,4,0,0,994812,1
47546.187107,4,0,0,994756,1
47553.689010,4,0,0,994876,1
47555.726370,4,0,0,994938,1
47558.906869,4,0,0,994982,1
47560.323898,4,0,0,995025,1
47594.028021,4,0,0,995223,1
47598.175348,4,0,0,995137,1
47599.888670,4,0,0,995202,1
47600.889377,4,0,0,995280,1
47601.682381,4,0,0,995379,1
47603.247478,4,0,0,995378,1
47613.626237,4,0,0,995460,1
47614.225654,4,0,0,995480,1
47624.025953,4,0,0,995468,1
47637.928932,4,0,0,995684,1
47639.248987,4,0,0,995711,1
47639.380226,4,0,0,995706,1
47640.690271,4,0,0,995618,1
47640.840269,4,0,0,995608,1
47645.677314,4,0,0,995488,1
47649.457265,4,0,0,995387,1
47651.454712,4,0,0,995357,1
47667.327586,4,0,0,995285,1
47681.368281,4,0,0,995268,1
47686.128463,4,0,0,995291,1
47691.359608,4,0,0,995288,1
47711.858189,4,0,0,995061,1
47716.004428,4,0,0,995001,1
47723.107005,4,0,0,994945,1
47727.102941,4,0,0,994822,1
47729.496645,4,0,0,994769,1
47737.925156,4,0,0,994929,1
47743.192027,4,0,0,994944,1
47743.223613,4,0,0,994943,1
47743.724341,4,0,0,994914,1
47744.902727,4,0,0,994985,1
47745.979192,4,0,0,995008,1
47747.173123,4,0,0,995058,1
47747.700367,4,0,0,995054,1
47760.570197,4,0,0,994893,1
47762.928818,4,0,0,995048,1
47766.165536,4,0,0,995000,1
47773.162828,4,0,0,994974,1
47773.295822,4,0,0,994953,1
47773.844452,4,0,0,994935,1
47780.185007,4,0,0,994916,1
47782.911577,4,0,0,994870,1
47783.854891,4,0,0,994868,1
47790.462678,4,0,0,994546,1
47792.285503,4,0,0,994587,1
47792.841354,4,0,0,994574,1
47793.309613,4,0,0,994572,1
47796.586417,4,0,0,994604,1
47797.341559,4,0,0,994611,1
47797.929675,4,0,0,994634,1
47802.429515,4,0,0,994811,1
47806.462151,4,0,0,994797,1
47807.457158,4,0,0,994743,1
47808.347128,4,0,0,994737,1
47810.360761,4,0,0,994669,1
47810.491573,4,0,0,994643,1
47811.228969,4,0,0,994630,1
47815.450537,4,0,0,994567,1
47816.829038,4,0,0,994500,1
47819.196411,4,0,0,994526,1
47825.945747,4,0,0,994500,1
47833.823763,4,0,0,994557,1
47833.980485,4,0,0,994536,1
47840.258161,4,0,0,994783,1
47856.498295,4,0,0,995012,1
47857.158480,4,0,0,995019,1
47857.670507,4,0,0,995060,1
47866.375648,4,0,0,995144,1
47871.387689,4,0,0,995214,1
47871.831267,4,0,0,995188,1
47882.067522,4,0,0,995231,1
47883.701089,4,0,0,995219,1
47891.360585,4,0,0,995403,1
47909.654577,4,0,0,995481,1
47909.833132,4,0,0,995494,1
47918.775980,4,0,0,995542,1
47925.567965,4,0,0,995334,1
47928.951569,4,0,0,995330,1
47933.463911,4,0,0,995238,1
47939.342034,4,0,0,994980,1
47946.294713,4,0,0,994875,1
47947.341793,4,0,0,994891,1
47952.872553,4,0,0,994948,1
47952.881474,4,0,0,994950,1
47959.221144,4,0,0,994971,1
47966.535604,4,0,0,995104,1
47970.372451,4,0,0,995128,1
47977.025996,4,0,0,995179,1
47977.502528,4,0,0,995165,1
47982.392125,4,0,0,995219,1
47982.894891,4,0,0,995162,1
47989.336503,4,0,0,995184,1
48010.141495,4,0,0,994986,1
48015.695014,4,0,0,995141,1
48015.825053,4,0,0,995176,1
48026.154692,4,0,0,995174,1
48031.816858,4,0,0,995393,1
48032.651478,4,0,0,995280,1
48033.630134,4,0,0,995366,1
48033.974396,4,0,0,995396,1
48040.873224,4,0,0,995389,1
48046.745418,4,0,0,995359,1
48047.215907,4,0,0,995388,1
48052.191228,4,0,0,995492,1
48055.623582,4,0,0,995513,1
48063.434040,4,0,0,995633,1
48064.689781,4,0,0,995644,1
48065.818163,4,0,0,995574,1
48066.664314,4,0,0,995623,1
48071.463129,4,0,0,995621,1
48080.087111,4,0,0,995732,1
48081.245272,4,0,0,995744,1
48085.832118,4,0,0,995876,1
48089.365199,4,0,0,995780,1
48092.953653,4,0,0,995913,1
48094.258807,4,0,0,996071,1
48096.409636,4,0,0,996216,1
48101.410793,4,0,0,996229,1
48101.849533,4,0,0,996252,1
48106.501688,4,0,0,996312,1
48107.094705,4,0,0,996317,1
48107.319414,4,0,0,996328,1
48108.249155,4,0,0,996232,1
48112.312726,4,0,0,996194,1
48115.467860,4,0,0,996219,1
48115.672606,4,0,0,996256,1
48127.570109,4,0,0,996295,1
48127.947115,4,0,0,996305,1
48129.598777,4,0,0,996232,1
48133.221900,4,0,0,996177,1
48138.723141,4,0,0,996011,1
48149.674514,4,0,0,995856,1
48167.859697,4,0,0,996187,1
48168.482051,4,0,0,996257,1
48176.873074,4,0,0,996216,1
48178.188811,4,0,0,996118,1
48187.589179,4,0,0,995895,1
48187.818801,4,0,0,995916,1
48192.298055,4,0,0,995845,1
48204.449829,4,0,0,995689,1
48205.611984,4,0,0,995676,1
48227.603162,4,0,0,995665,1
48247.509771,4,0,0,995459,1
48250.173856,4,0,0,995553,1
48251.159964,4,0,0,995625,1
48258.170787,4,0,0,995907,1
48261.782403,4,0,0,995842,1
48262.331112,4,0,0,995764,1
48269.549420,4,0,0,995817,1
48283.456082,4,0,0,995916,1
48287.847680,4,0,0,995934,1
48290.913602,4,0,0,996113,1
48293.003583,4,0,0,995997,1
48298.910815,4,0,0,995997,1
48314.512848,4,0,0,995915,1
48317.347535,4,0,0,995980,1
48320.076213,4,0,0,996020,1
48334.886204,4,0,0,995808,1
48361.143777,4,0,0,995886,1
48363.812277,4,0,0,996024,1
48364.136759,4,0,0,996059,1
48379.616199,4,0,0,995827,1
48385.173314,4,0,0,995834,1
48389.598969,4,0,0,995749,1
48397.228996,4,0,0,995797,1
48398.399740,4,0,0,995813,1
48408.419472,4,0,0,995768,1
48412.517172,4,0,0,995739,1
48417.050221,4,0,0,995790,1
48418.093273,4,0,0,995766,1
48419.120185,4,0,0,995848,1
48419.706658,4,0,0,995855,1
48430.443684,4,0,0,995544,1
48437.375740,4,0,0,995344,1
48443.249709,4,0,0,995201,1
48456.877245,4,0,0,995240,1
48457.509513,4,0,0,995138,1
48466.517013,4,0,0,995298,1
48469.049655,4,0,0,995366,1
48471.993985,4,0,0,995289,1
48472.708159,4,0,0,995332,1
48474.651417,4,0,0,995372,1
48482.868180,4,0,0,995339,1
48486.723395,4,0,0,995226,1
48510.623853,4,0,0,995381,1
48512.179666,4,0,0,995368,1
48515.239384,4,0,0,995337,1
48522.684066,4,0,0,995314,1
48523.244643,4,0,0,995265,1
48534.563246,4,0,0,995332,1
48539.208369,4,0,0,995227,1
48541.513761,4,0,0,995134,1
48551.357529,4,0,0,994851,1
48564.815954,4,0,0,995148,1
48575.180829,4,0,0,995197,1
48581.697539,4,0,0,995197,1
48584.783320,4,0,0,995144,1
48588.423067,4,0,0,995147,1
48599.674999,4,0,0,995134,1
48609.297145,4,0,0,995351,1
48612.139008,4,0,0,995341,1
48615.371432,4,0,0,995447,1
48625.156153,4,0,0,995539,1
48629.415708,4,0,0,995637,1
48644.740374,4,0,0,995472,1
48645.159419,4,0,0,995476,1
48652.518639,4,0,0,995472,1
48658.397662,4,0,0,995432,1
48661.738936,4,0,0,995336,1
48667.029395,4,0,0,995429,1
48668.411135,4,0,0,995415,1
48668.446962,4,0,0,995418,1
48669.660833,4,0,0,995459,1
48671.403004,4,0,0,995395,1
48672.443610,4,0,0,995422,1
48673.949519,4,0,0,995473,1
48679.208537,4,0,0,995273,1
48680.616398,4,0,0,995318,1
48682.322535,4,0,0,995307,1
48700.716004,4,0,0,995702,1
48701.518313,4,0,0,995736,1
48708.185420,4,0,0,995728,1
48708.817968,4,0,0,995700,1
48710.938424,4,0,0,995635,1
48718.393790,4,0,0,995515,1
48719.942071,4,0,0,995484,1
48725.471261,4,0,0,995526,1
48728.516843,4,0,0,995563,1
48733.579836,4,0,0,995463,1
48740.300253,4,0,0,995293,1
48740.850104,4,0,0,995324,1
48741.365541,4,0,0,995307,1
48748.960778,4,0,0,995377,1
48753.309229,4,0,0,995276,1
48755.074096,4,0,0,995241,1
48756.730920,4,0,0,995250,1
48766.586388,4,0,0,995263,1
48770.683929,4,0,0,995270,1
48771.478316,4,0,0,995238,1
48773.523174,4,0,0,995260,1
48777.856864,4,0,0,995204,1
48781.404838,4,0,0,994965,1
48782.086901,4,0,0,994979,1
48784.035237,4,0,0,995011,1
48784.664363,4,0,0,994950,1
48797.303158,4,0,0,995112,1
48800.001567,4,0,0,995336,1
48807.109307,4,0,0,995516,1
48813.125252,4,0,0,995615,1
48814.688203,4,0,0,995489,1
48822.455039,4,0,0,995709,1
48825.910733,4,0,0,995719,1
48828.192252,4,0,0,995709,1
48836.468503,4,0,0,995815,1
48844.796499,4,0,0,995975,1
48850.206127,4,0,0,996008,1
48852.937060,4,0,0,995960,1
48857.223114,4,0,0,996047,1
48858.948144,4,0,0,995995,1
48866.951450,4,0,0,996272,1
48872.869568,4,0,0,996142,1
48874.216710,4,0,0,996108,1
48874.256661,4,0,0,996115,1
48878.617668,4,0,0,995959,1
48885.940903,4,0,0,996110,1
48886.845516,4,0,0,996054,1
48895.827318,4,0,0,996007,1
48901.399737,4,0,0,996027,1
48911.450914,4,0,0,996088,1
48912.448080,4,0,0,996145,1
48923.576932,4,0,0,996432,1
48923.910589,4,0,0,996458,1
48924.428306,4,0,0,996468,1
48925.744616,4,0,0,996381,1
48931.140254,4,0,0,996473,1
48934.537131,4,0,0,996511,1
48935.701585,4,0,0,996579,1
48937.063036,4,0,0,996564,1
48941.251955,4,0,0,996328,1
48943.501125,4,0,0,996378,1
48944.247367,4,0,0,996369,1
48953.504233,4,0,0,996397,1
48961.743712,4,0,0,996471,1
48964.445202,4,0,0,996522,1
48974.934227,4,0,0,996324,1
48980.470726,4,0,0,996454,1
48980.641415,4,0,0,996442,1
48988.562329,4,0,0,996242,1
48992.956631,4,0,0,996261,1
48997.893528,4,0,0,996151,1
49001.041685,4,0,0,996244,1
49005.553009,4,0,0,996327,1
49035.416152,4,0,0,996317,1
49036.530975,4,0,0,996269,1
49036.627040,4,0,0,996270,1
49041.741563,4,0,0,996299,1
49041.956037,4,0,0,996305,1
49045.180504,4,0,0,996251,1
49046.791309,4,0,0,996322,1
49047.702529,4,0,0,996341,1
49048.940696,4,0,0,996388,1
49049.686916,4,0,0,996401,1
49054.019239,4,0,0,996432,1
49055.781741,4,0,0,996384,1
49059.310192,4,0,0,996535,1
49066.676937,4,0,0,996634,1
49069.091864,4,0,0,996730,1
49085.587558,4,0,0,996683,1
49091.281348,4,0,0,996693,1
49105.152492,4,0,0,996463,1
49109.513420,4,0,0,996615,1
49111.043231,4,0,0,996705,1
49113.053677,4,0,0,996654,1
49118.018432,4,0,0,996572,1
49123.753424,4,0,0,996435,1
49127.066749,4,0,0,996356,1
49139.078712,4,0,0,996469,1
49141.399099,4,0,0,996422,1
49149.749885,4,0,0,996370,1
49156.928119,4,0,0,996315,1
49164.420043,4,0,0,996228,1
49164.697524,4,0,0,996223,1
49183.210391,4,0,0,996407,1
49189.249425,4,0,0,996451,1
49191.414958,4,0,0,996492,1
49203.425802,4,0,0,996758,1
49207.440695,4,0,0,996757,1
49220.611747,4,0,0,996820,1
49240.302458,4,0,0,996429,1
49242.500981,4,0,0,996344,1
49244.446723,4,0,0,996269,1
49269.637703,4,0,0,996466,1
49281.965561,4,0,0,996416,1
49291.042323,4,0,0,996193,1
49292.211824,4,0,0,996068,1
49296.695487,4,0,0,996229,1
49305.234446,4,0,0,996024,1
49319.614211,4,0,0,995829,1
49322.130596,4,0,0,995810,1
49329.928614,4,0,0,995707,1
49330.512223,4,0,0,995675,1
49331.179603,4,0,0,995662,1
49337.289897,4,0,0,995615,1
49338.469023,4,0,0,995595,1
49342.625608,4,0,0,995497,1
49349.144281,4,0,0,995649,1
49350.227768,4,0,0,995662,1
49357.041631,4,0,0,995492,1
49357.871327,4,0,0,995549,1
49358.863515,4,0,0,995446,1
49368.862478,4,0,0,995463,1
49368.947332,4,0,0,995502,1
49379.845745,4,0,0,995629,1
49384.023283,4,0,0,995571,1
49390.852654,4,0,0,995423,1
49392.000605,4,0,0,995372,1
49392.911433,4,0,0,995396,1
49394.016095,4,0,0,995389,1
49397.574085,4,0,0,995297,1
49400.685987,4,0,0,995275,1
49410.206719,4,0,0,995393,1
49412.660139,4,0,0,995505,1
49414.567768,4,0,0,995440,1
49418.365949,4,0,0,995478,1
49426.157836,4,0,0,995607,1
49429.485960,4,0,0,995679,1
49434.700673,4,0,0,995557,1
49449.411362,4,0,0,995536,1
49450.917913,4,0,0,995506,1
49456.474007,4,0,0,995515,1
49460.233495,4,0,0,995410,1
49463.043116,4,0,0,995419,1
49467.750352,4,0,0,995572,1
49469.154840,4,0,0,995500,1
49474.981316,4,0,0,995411,1
49490.303558,4,0,0,995591,1
49502.347083,4,0,0,995689,1
49503.910577,4,0,0,995784,1
49506.686459,4,0,0,995881,1
49523.489724,4,0,0,995952,1
49530.476842,4,0,0,995874,1
49531.462031,4,0,0,995854,1
49536.865770,4,0,0,995874,1
49542.118640,4,0,0,995768,1
49544.819207,4,0,0,995744,1
49547.425374,4,0,0,995745,1
49558.672293,4,0,0,996038,1
49562.365129,4,0,0,996062,1
49563.921638,4,0,0,996071,1
49566.843652,4,0,0,996174,1
49569.225110,4,0,0,996233,1
49581.916087,4,0,0,996204,1
49582.031097,4,0,0,996206,1
49589.696007,4,0,0,996207,1
49596.250236,4,0,0,996152,1
49609.827006,4,0,0,995993,1
49611.010349,4,0,0,996002,1
49623.071196,4,0,0,995977,1
49627.144307,4,0,0,995945,1
49627.557787,4,0,0,995948,1
49631.906704,4,0,0,996148,1
49638.461396,4,0,0,996172,1
49641.800429,4,0,0,996211,1
49660.942975,4,0,0,996170,1
49663.509175,4,0,0,996074,1
49664.736457,4,0,0,996058,1
49669.202503,4,0,0,996060,1
49671.046222,4,0,0,996084,1
49673.349118,4,0,0,995985,1
49674.184045,4,0,0,996044,1
49682.510676,4,0,0,995845,1
49684.443555,4,0,0,995741,1
49686.401591,4,0,0,995644,1
49686.688572,4,0,0,995648,1
49694.098197,4,0,0,995489,1
49701.397659,4,0,0,995423,1
49707.988100,4,0,0,995327,1
49717.441306,4,0,0,995323,1
49717.675359,4,0,0,995313,1
49718.093408,4,0,0,995351,1
49718.273918,4,0,0,995358,1
49721.762759,4,0,0,995425,1
49740.610985,4,0,0,995442,1
49743.929115,4,0,0,995547,1
49761.026951,4,0,0,995501,1
49761.731527,4,0,0,995485,1
49769.229885,4,0,0,995329,1
49770.938947,4,0,0,995325,1
49772.190552,4,0,0,995280,1
49778.869611,4,0,0,995180,1
49782.539084,4,0,0,995212,1
49783.974453,4,0,0,995206,1
49785.773654,4,0,0,995249,1
49793.031873,4,0,0,995411,1
49800.249132,4,0,0,995395,1
49807.962890,4,0,0,995504,1
49808.175476,4,0,0,995518,1
49820.038574,4,0,0,995647,1
49827.721006,4,0,0,995696,1
49829.075631,4,0,0,995681,1
49830.102680,4,0,0,995681,1
49835.574879,4,0,0,995626,1
49836.046917,4,0,0,995647,1
49861.374829,4,0,0,995768,1
49863.509141,4,0,0,995646,1
49866.709108,4,0,0,995640,1
49870.494899,4,0,0,995656,1
49870.913585,4,0,0,995701,1
49876.550229,4,0,0,995628,1
49892.906392,4,0,0,995397,1
49897.586947,4,0,0,995224,1
49908.691019,4,0,0,995365,1
49917.026298,4,0,0,995562,1
49930.666027,4,0,0,995988,1
49931.535111,4,0,0,996040,1
49932.206027,4,0,0,995960,1
49936.333192,4,0,0,995888,1
49937.639519,4,0,0,995850,1
49950.280737,4,0,0,995868,1
49956.102333,4,0,0,995989,1
49957.499188,4,0,0,996076,1
49964.214762,4,0,0,996217,1
49976.420876,4,0,0,996144,1
49986.796446,4,0,0,995902,1
50004.973605,4,0,0,995983,1
50005.804767,4,0,0,995965,1
50011.721869,4,0,0,995849,1
50013.503402,4,0,0,995837,1
50019.922460,4,0,0,995904,1
50027.463976,4,0,0,996269,1
50027.755073,4,0,0,996239,1
50029.539179,4,0,0,996189,1
50031.230711,4,0,0,996104,1
50035.662669,4,0,0,996079,1
50038.892802,4,0,0,996051,1
50047.963822,4,0,0,995115,1
50058.146344,4,0,0,995289,1
50060.491086,4,0,0,995250,1
50063.014191,4,0,0,995329,1
50070.137516,4,0,0,995372,1
50070.301946,4,0,0,995381,1
50071.373214,4,0,0,995397,1
50073.727870,4,0,0,995404,1
50075.249011,4,0,0,995444,1
50076.837853,4,0,0,995420,1
50079.602926,4,0,0,995301,1
50082.688231,4,0,0,995358,1
50082.777546,4,0,0,995366,1
50086.717459,4,0,0,995465,1
50092.104018,4,0,0,995350,1
50092.335550,4,0,0,995349,1
50095.671239,4,0,0,995402,1
50097.698500,4,0,0,995238,1
50100.398497,4,0,0,995363,1
50102.660546,4,0,0,995355,1
50105.838105,4,0,0,995287,1
50113.050637,4,0,0,995174,1
50115.867791,4,0,0,995261,1
50121.793227,4,0,0,995288,1
50122.256205,4,0,0,995334,1
50124.463854,4,0,0,995316,1
50127.187902,4,0,0,995386,1
50127.369527,4,0,0,995375,1
50132.087780,4,0,0,995211,1
50132.426921,4,0,0,995145,1
50152.589637,4,0,0,995285,1
50155.610295,4,0,0,995296,1
50176.314516,4,0,0,995198,1
50177.099905,4,0,0,995215,1
50183.879183,4,0,0,995234,1
50193.529802,4,0,0,995506,1
50198.775419,4,0,0,995392,1
50200.198822,4,0,0,995470,1
50200.978876,4,0,0,995377,1
50205.919116,4,0,0,995417,1
50215.632555,4,0,0,995565,1
50217.049064,4,0,0,995558,1
50219.896210,4,0,0,995489,1
50227.468852,4,0,0,995520,1
50230.003672,4,0,0,995565,1
50231.602458,4,0,0,995587,1
50232.122066,4,0,0,995552,1
50234.685223,4,0,0,995591,1
50235.328522,4,0,0,995584,1
50245.779440,4,0,0,995604,1
50246.799820,4,0,0,995628,1
50254.860734,4,0,0,995687,1
50285.427926,4,0,0,995969,1
50296.277766,4,0,0,995950,1
50297.180161,4,0,0,995950,1
50298.532449,4,0,0,995946,1
50300.525093,4,0,0,995818,1
50301.972860,4,0,0,995835,1
50302.035099,4,0,0,995855,1
50305.376435,4,0,0,995945,1
50311.106294,4,0,0,996013,1
50313.460565,4,0,0,995836,1
50314.111796,4,0,0,995821,1
50323.705225,4,0,0,995681,1
50328.493673,4,0,0,995769,1
50328.794019,4,0,0,995764,1
50334.170578,4,0,0,995914,1
50335.404315,4,0,0,995945,1
50339.444038,4,0,0,996101,1
50345.301850,4,0,0,995810,1
50347.048063,4,0,0,995782,1
50347.364607,4,0,0,995774,1
50353.721287,4,0,0,995732,1
50355.054382,4,0,0,995739,1
50357.112029,4,0,0,995651,1
50358.719381,4,0,0,995643,1
50372.885870,4,0,0,995737,1
50375.253502,4,0,0,995810,1
50380.783934,4,0,0,995835,1
50397.158996,4,0,0,995993,1
50403.750645,4,0,0,995904,1
50403.928250,4,0,0,995881,1
50406.382972,4,0,0,995851,1
50411.668036,4,0,0,995930,1
50414.114221,4,0,0,995877,1
50417.513995,4,0,0,995774,1
50426.352662,4,0,0,995843,1
50430.042547,4,0,0,995850,1
50431.196091,4,0,0,995842,1
50431.827074,4,0,0,995847,1
50437.583380,4,0,0,995777,1
50441.827653,4,0,0,995847,1
50444.348728,4,0,0,995758,1
50449.085208,4,0,0,995793,1
50450.804406,4,0,0,995877,1
50451.070841,4,0,0,995899,1
50451.250488,4,0,0,995934,1
50452.820072,4,0,0,995968,1
50453.656440,4,0,0,995919,1
50455.158230,4,0,0,995912,1
50460.361908,4,0,0,996177,1
50462.272788,4,0,0,996295,1
50462.564069,4,0,0,996250,1
50468.395581,4,0,0,996399,1
50474.895978,4,0,0,996307,1
50475.830511,4,0,0,996308,1
50479.187023,4,0,0,996315,1
50481.204131,4,0,0,996336,1
50489.347638,4,0,0,996303,1
50489.527400,4,0,0,996299,1
50495.885169,4,0,0,996235,1
50497.614883,4,0,0,996268,1
50501.097021,4,0,0,996214,1
50511.419053,4,0,0,996216,1
50512.647080,4,0,0,996239,1
50521.089993,4,0,0,996092,1
50522.142635,4,0,0,996075,1
50530.943061,4,0,0,995848,1
50531.236575,4,0,0,995856,1
50536.454990,4,0,0,995862,1
50541.239123,4,0,0,995712,1
50550.891868,4,0,0,995758,1
50569.989363,4,0,0,995574,1
50571.558934,4,0,0,995542,1
50574.090712,4,0,0,995658,1
50577.248692,4,0,0,995746,1
50579.710011,4,0,0,995869,1
50583.496127,4,0,0,995671,1
50584.995872,4,0,0,995543,1
50585.069264,4,0,0,995528,1
50585.673906,4,0,0,995531,1
50589.483831,4,0,0,995474,1
50591.817135,4,0,0,995438,1
50593.217161,4,0,0,995483,1
50596.446522,4,0,0,995530,1
50596.461418,4,0,0,995525,1
50601.602035,4,0,0,995425,1
50616.252197,4,0,0,995365,1
50635.023526,4,0,0,995240,1
50649.074653,4,0,0,995049,1
50654.150913,4,0,0,994947,1
50656.269736,4,0,0,994917,1
50670.917004,4,0,0,994844,1
50678.257738,4,0,0,994601,1
50687.459758,4,0,0,994414,1
50690.365363,4,0,0,994470,1
50690.503561,4,0,0,994464,1
50695.013007,4,0,0,994441,1
50696.371331,4,0,0,994427,1
50696.656383,4,0,0,994409,1
50697.991056,4,0,0,994432,1
50700.717192,4,0,0,994426,1
50701.842154,4,0,0,994495,1
50706.813224,4,0,0,994488,1
50708.241289,4,0,0,994576,1
50708.983029,4,0,0,994541,1
50712.354047,4,0,0,994507,1
50712.543983,4,0,0,994538,1
50717.440160,4,0,0,994497,1
50719.812437,4,0,0,994455,1
50734.716517,4,0,0,994197,1
50735.111444,4,0,0,994169,1
50736.663542,4,0,0,994198,1
50740.341657,4,0,0,994338,1
50741.926615,4,0,0,994285,1
50742.983159,4,0,0,994255,1
50748.023300,4,0,0,994203,1
50757.530656,4,0,0,994034,1
50762.174952,4,0,0,994031,1
50770.135303,4,0,0,994182,1
50783.768710,4,0,0,994586,1
50790.745299,4,0,0,994591,1
50796.125504,4,0,0,994469,1
50797.138191,4,0,0,994441,1
50797.188239,4,0,0,994435,1
50798.643871,4,0,0,994347,1
50807.070802,4,0,0,994412,1
50810.349357,4,0,0,994341,1
50815.815808,4,0,0,994400,1
50822.528508,4,0,0,994326,1
50824.769464,4,0,0,994318,1
50831.709883,4,0,0,994380,1
50833.017948,4,0,0,994385,1
50839.590641,4,0,0,994358,1
50841.366401,4,0,0,994375,1
50843.646686,4,0,0,994294,1
50851.390827,4,0,0,994141,1
50853.221162,4,0,0,994025,1
50853.343682,4,0,0,994003,1
50861.752569,4,0,0,993945,1
50868.528892,4,0,0,993967,1
50883.763728,4,0,0,994272,1
50886.148472,4,0,0,994380,1
50886.452253,4,0,0,994392,1
50889.015865,4,0,0,994416,1
50893.370772,4,0,0,994551,1
50894.029273,4,0,0,994529,1
50902.621770,4,0,0,994432,1
50908.625530,4,0,0,994446,1
50917.560988,4,0,0,994307,1
50924.024719,4,0,0,994262,1
50931.669193,4,0,0,994146,1
50932.036754,4,0,0,994143,1
50938.258708,4,0,0,994251,1
50941.165680,4,0,0,994371,1
50947.993035,4,0,0,994262,1
50949.303775,4,0,0,994276,1
50949.617167,4,0,0,994302,1
50951.156007,4,0,0,994239,1
50954.901924,4,0,0,994123,1
50959.986841,4,0,0,994140,1
50964.809018,4,0,0,994094,1
50965.669442,4,0,0,994137,1
50971.323243,4,0,0,994203,1
50974.288083,4,0,0,994141,1
50978.448757,4,0,0,994040,1
50978.800131,4,0,0,994063,1
50979.656223,4,0,0,994097,1
50980.748272,4,0,0,994077,1
50987.465085,4,0,0,993930,1
50992.744872,4,0,0,994008,1
50995.935871,4,0,0,993819,1
51004.426699,4,0,0,993619,1
51012.987649,4,0,0,993562,1
51014.229656,4,0,0,993598,1
51015.574240,4,0,0,993644,1
51030.417690,4,0,0,993922,1
51030.798824,4,0,0,993939,1
51040.080267,4,0,0,994003,1
51046.746548,4,0,0,994358,1
51049.609902,4,0,0,994177,1
51054.173210,4,0,0,994180,1
51055.307771,4,0,0,994205,1
51057.117927,4,0,0,994158,1
51058.608868,4,0,0,994193,1
51060.856677,4,0,0,994134,1
