34199.000000,1,0,100,999000,1
34199.000000,1,0,100,999100,1
34199.000000,1,0,100,999200,1
34199.000000,1,0,100,999300,1
34199.000000,1,0,100,999400,1
34199.000000,1,0,100,999500,1
34199.000000,1,0,100,999600,1
34199.000000,1,0,100,999700,1
34199.000000,1,0,100,999800,1
34199.000000,1,0,100,999900,1
34199.000000,1,0,100,1000100,-1
34199.000000,1,0,100,1000200,-1
34199.000000,1,0,100,1000300,-1
34199.000000,1,0,100,1000400,-1
34199.000000,1,0,100,1000500,-1
34199.000000,1,0,100,1000600,-1
34199.000000,1,0,100,1000700,-1
34199.000000,1,0,100,1000800,-1
34199.000000,1,0,100,1000900,-1
34199.000000,1,0,100,1001000,-1
34200.000000,4,0,0,1000000,1
34203.331198,4,0,0,1000057,1
34206.604204,4,0,0,1000215,1
34207.290964,4,0,0,1000227,1
34208.023645,4,0,0,1000257,1
34209.202466,4,0,0,1000356,1
34211.793983,4,0,0,1000390,1
34213.157017,4,0,0,1000480,1
34213.576720,4,0,0,1000451,1
34215.602874,4,0,0,1000440,1
34216.475001,4,0,0,1000501,1
34226.552806,4,0,0,1000605,1
34240.965467,4,0,0,1000607,1
34241.154369,4,0,0,1000627,1
34246.895157,4,0,0,1000670,1
34250.960112,4,0,0,1000721,1
34261.872146,4,0,0,1000659,1
34267.126845,4,0,0,1000681,1
34270.920799,4,0,0,1000711,1
34276.714624,4,0,0,1000649,1
34279.049834,4,0,0,1000489,1
34281.341056,4,0,0,997527,1
34284.717025,4,0,0,997390,1
34293.044882,4,0,0,997287,1
34296.040693,4,0,0,997232,1
34309.530758,4,0,0,996964,1
34317.314098,4,0,0,996817,1
34336.892503,4,0,0,997015,1
34337.781064,4,0,0,997008,1
34341.300251,4,0,0,996997,1
34355.209450,4,0,0,997054,1
34360.221327,4,0,0,996993,1
34369.647836,4,0,0,996953,1
34386.545918,4,0,0,997161,1
34387.526927,4,0,0,997124,1
34388.858371,4,0,0,997123,1
34398.737338,4,0,0,996996,1
34410.053580,4,0,0,997206,1
34416.841022,4,0,0,997147,1
34418.877436,4,0,0,997154,1
34421.854197,4,0,0,997164,1
34426.361681,4,0,0,997313,1
34429.639509,4,0,0,997431,1
34432.746691,4,0,0,997442,1
34435.480435,4,0,0,997357,1
34445.247727,4,0,0,997404,1
34446.239412,4,0,0,997431,1
34451.801937,4,0,0,997446,1
34457.613491,4,0,0,997518,1
34470.007737,4,0,0,997831,1
34470.200152,4,0,0,997813,1
34475.179086,4,0,0,997870,1
34480.036810,4,0,0,997826,1
34482.997231,4,0,0,997917,1
34483.257831,4,0,0,997909,1
34483.445850,4,0,0,997946,1
34484.333808,4,0,0,997985,1
34491.898360,4,0,0,998119,1
34492.746622,4,0,0,998096,1
34493.460550,4,0,0,998145,1
34495.541191,4,0,0,998153,1
34498.708491,4,0,0,998228,1
34504.427549,4,0,0,998200,1
34512.148381,4,0,0,998213,1
34513.631624,4,0,0,998285,1
34525.113866,4,0,0,998334,1
34525.224439,4,0,0,998346,1
34527.471995,4,0,0,998392,1
34528.536431,4,0,0,998411,1
34530.542955,4,0,0,998510,1
34533.349718,4,0,0,998426,1
34536.645209,4,0,0,998425,1
34539.202637,4,0,0,998422,1
34540.355210,4,0,0,998430,1
34541.522307,4,0,0,998403,1
34542.785974,4,0,0,998363,1
34549.028427,4,0,0,998315,1
34551.598705,4,0,0,998301,1
34555.789930,4,0,0,998406,1
34559.049336,4,0,0,998544,1
34561.736657,4,0,0,998522,1
34568.080396,4,0,0,998390,1
34571.963756,4,0,0,998205,1
34573.686660,4,0,0,998157,1
34590.576908,4,0,0,998130,1
34591.794322,4,0,0,998053,1
34592.508420,4,0,0,998083,1
34597.070148,4,0,0,998174,1
34600.306849,4,0,0,998196,1
34601.273858,4,0,0,998324,1
34601.827188,4,0,0,998322,1
34605.534586,4,0,0,998465,1
34607.166975,4,0,0,998467,1
34607.686846,4,0,0,998452,1
34610.911075,4,0,0,998464,1
34615.690699,4,0,0,998557,1
34615.875728,4,0,0,998565,1
34619.190003,4,0,0,998556,1
34619.607013,4,0,0,998511,1
34627.097009,4,0,0,998541,1
34633.879669,4,0,0,998553,1
34635.333658,4,0,0,998465,1
34635.841843,4,0,0,998480,1
34647.749966,4,0,0,998378,1
34651.233114,4,0,0,998467,1
34651.918274,4,0,0,998444,1
34652.488984,4,0,0,998422,1
34661.298006,4,0,0,998146,1
34665.073358,4,0,0,998088,1
34666.519212,4,0,0,998160,1
34670.618589,4,0,0,998063,1
34672.419038,4,0,0,998097,1
34679.916024,4,0,0,998092,1
34683.163667,4,0,0,998156,1
34699.209826,4,0,0,998345,1
34702.721306,4,0,0,998206,1
34713.874322,4,0,0,998201,1
34715.248197,4,0,0,998218,1
34718.771404,4,0,0,998135,1
34722.139894,4,0,0,998186,1
34730.156093,4,0,0,998181,1
34730.519426,4,0,0,998122,1
34739.167172,4,0,0,997855,1
34746.962604,4,0,0,998151,1
34749.454977,4,0,0,998156,1
34749.632469,4,0,0,998138,1
34756.600792,4,0,0,998132,1
34762.031295,4,0,0,997932,1
34774.040703,4,0,0,998191,1
34777.967007,4,0,0,998249,1
34794.378063,4,0,0,998197,1
34796.140568,4,0,0,998177,1
34798.118699,4,0,0,998050,1
34804.392949,4,0,0,998164,1
34810.169817,4,0,0,998243,1
34816.346790,4,0,0,998363,1
34827.072040,4,0,0,998480,1
34833.099950,4,0,0,998379,1
34838.578712,4,0,0,998302,1
34847.432486,4,0,0,998286,1
34852.384436,4,0,0,998184,1
34854.107807,4,0,0,998130,1
34862.543613,4,0,0,998242,1
34863.885198,4,0,0,998236,1
34869.700809,4,0,0,998318,1
34873.370080,4,0,0,998208,1
34875.661337,4,0,0,998169,1
34876.601882,4,0,0,998142,1
34886.974869,4,0,0,998325,1
34887.374646,4,0,0,998347,1
34895.154307,4,0,0,998188,1
34900.652924,4,0,0,998294,1
34903.616123,4,0,0,998384,1
34908.830104,4,0,0,998331,1
34910.418087,4,0,0,998325,1
34919.870178,4,0,0,998240,1
34920.809919,4,0,0,998255,1
34924.953281,4,0,0,998268,1
34927.930931,4,0,0,998311,1
34933.277235,4,0,0,998262,1
34936.367510,4,0,0,998288,1
34950.933415,4,0,0,998067,1
34960.106602,4,0,0,997999,1
34971.042126,4,0,0,997914,1
34971.165936,4,0,0,997895,1
34971.979033,4,0,0,997901,1
34975.076373,4,0,0,997998,1
34981.419320,4,0,0,998154,1
34983.525088,4,0,0,998256,1
34987.498004,4,0,0,998147,1
34987.720445,4,0,0,998148,1
34992.609801,4,0,0,998190,1
34998.074351,4,0,0,998303,1
35000.481469,4,0,0,998222,1
35001.183946,4,0,0,998226,1
35003.758638,4,0,0,998237,1
35010.169473,4,0,0,998193,1
35014.365403,4,0,0,998118,1
35024.639014,4,0,0,998030,1
35028.771458,4,0,0,998077,1
35029.708237,4,0,0,998146,1
35033.990542,4,0,0,998322,1
35034.255275,4,0,0,998326,1
35040.757452,4,0,0,998180,1
35041.830282,4,0,0,998170,1
35053.065513,4,0,0,998461,1
35056.132518,4,0,0,998299,1
35058.918183,4,0,0,998236,1
35059.617376,4,0,0,998248,1
35067.498046,4,0,0,998412,1
35079.396715,4,0,0,998764,1
35085.066250,4,0,0,998532,1
35090.330221,4,0,0,998615,1
35096.191834,4,0,0,998618,1
35102.720172,4,0,0,998471,1
35108.713559,4,0,0,998461,1
35109.450986,4,0,0,998453,1
35114.697928,4,0,0,998389,1
35126.226928,4,0,0,998280,1
35126.384487,4,0,0,998303,1
35127.361230,4,0,0,998277,1
35134.229923,4,0,0,998245,1
35134.434356,4,0,0,998263,1
35135.997881,4,0,0,998176,1
35145.326766,4,0,0,998258,1
35147.528017,4,0,0,998274,1
35158.486427,4,0,0,998455,1
35160.117460,4,0,0,998494,1
35162.404966,4,0,0,998627,1
35162.958634,4,0,0,998539,1
35171.014714,4,0,0,998728,1
35183.970112,4,0,0,999063,1
35184.936855,4,0,0,999086,1
35186.718850,4,0,0,999021,1
35192.086885,4,0,0,999027,1
35192.480780,4,0,0,999034,1
35192.639818,4,0,0,999029,1
35194.529732,4,0,0,998981,1
35196.865995,4,0,0,999138,1
35200.671905,4,0,0,999138,1
35204.520009,4,0,0,999259,1
35206.435199,4,0,0,999256,1
35209.085796,4,0,0,999074,1
35210.472766,4,0,0,999019,1
35211.555163,4,0,0,999084,1
35218.739230,4,0,0,998956,1
35219.457901,4,0,0,998937,1
35222.326034,4,0,0,998915,1
35222.950800,4,0,0,998913,1
35231.049910,4,0,0,998925,1
35239.915065,4,0,0,998784,1
35240.497812,4,0,0,998771,1
35246.599376,4,0,0,998881,1
35258.874681,4,0,0,998735,1
35261.206416,4,0,0,998874,1
35268.381624,4,0,0,999102,1
35280.692606,4,0,0,998988,1
35280.716332,4,0,0,998978,1
35282.237598,4,0,0,998971,1
35282.415427,4,0,0,998991,1
35283.477226,4,0,0,998991,1
35283.531102,4,0,0,998987,1
35283.770750,4,0,0,998950,1
35288.779931,4,0,0,998913,1
35290.408448,4,0,0,998932,1
35299.301793,4,0,0,998938,1
35301.239655,4,0,0,998943,1
35313.391376,4,0,0,998952,1
35314.064674,4,0,0,998986,1
35317.870983,4,0,0,998887,1
35319.538035,4,0,0,998892,1
35327.380519,4,0,0,999147,1
35329.349886,4,0,0,999150,1
35329.966524,4,0,0,999087,1
35332.873082,4,0,0,999100,1
35334.247448,4,0,0,999010,1
35340.783650,4,0,0,998998,1
35347.148236,4,0,0,998934,1
35347.197266,4,0,0,998932,1
35347.211589,4,0,0,998933,1
35359.166915,4,0,0,998922,1
35361.030635,4,0,0,998772,1
35362.710879,4,0,0,998818,1
35364.221264,4,0,0,998777,1
35365.569209,4,0,0,998710,1
35372.707172,4,0,0,998626,1
35374.167419,4,0,0,998576,1
35380.234935,4,0,0,998659,1
35385.582218,4,0,0,998530,1
35389.404759,4,0,0,998690,1
35394.892857,4,0,0,998978,1
35395.806795,4,0,0,999008,1
35398.792326,4,0,0,999010,1
35402.048163,4,0,0,999031,1
35402.181018,4,0,0,999037,1
35403.357880,4,0,0,999009,1
35416.307775,4,0,0,998868,1
35421.445464,4,0,0,998951,1
35439.835504,4,0,0,999006,1
35442.038831,4,0,0,999067,1
35448.908295,4,0,0,999087,1
35453.284165,4,0,0,998960,1
35457.689104,4,0,0,998951,1
35458.263934,4,0,0,998962,1
35459.465085,4,0,0,999004,1
35459.823616,4,0,0,999066,1
35463.187825,4,0,0,999323,1
35465.211062,4,0,0,999267,1
35466.258134,4,0,0,999307,1
35468.502436,4,0,0,999234,1
35472.075038,4,0,0,999234,1
35478.005727,4,0,0,999221,1
35482.267232,4,0,0,999138,1
35487.138671,4,0,0,999211,1
35491.563708,4,0,0,999259,1
35493.799439,4,0,0,999242,1
35495.682109,4,0,0,999147,1
35499.618820,4,0,0,999255,1
35506.238877,4,0,0,999193,1
35518.263755,4,0,0,999335,1
35526.668616,4,0,0,999447,1
35530.525241,4,0,0,999511,1
35538.851772,4,0,0,999427,1
35538.988663,4,0,0,999397,1
35546.622896,4,0,0,999476,1
35547.686468,4,0,0,999392,1
35553.221020,4,0,0,999588,1
35561.557599,4,0,0,999757,1
35563.365789,4,0,0,999864,1
35565.805524,4,0,0,999762,1
35586.071559,4,0,0,999673,1
35587.469453,4,0,0,999751,1
35594.199134,4,0,0,999709,1
35596.689400,4,0,0,999688,1
35598.499453,4,0,0,999691,1
35605.535239,4,0,0,999899,1
35608.391688,4,0,0,999844,1
35614.310144,4,0,0,999921,1
35615.511294,4,0,0,999974,1
35623.811023,4,0,0,1000002,1
35629.841043,4,0,0,999889,1
35633.147039,4,0,0,999880,1
35640.642371,4,0,0,999819,1
35652.697779,4,0,0,999709,1
35660.098608,4,0,0,999799,1
35661.788766,4,0,0,999743,1
35667.828263,4,0,0,999655,1
35672.391535,4,0,0,999692,1
35681.190964,4,0,0,999754,1
35683.669241,4,0,0,999879,1
35686.556205,4,0,0,999834,1
35687.026825,4,0,0,999880,1
35688.206166,4,0,0,999914,1
35691.808491,4,0,0,999944,1
35695.405984,4,0,0,999908,1
35701.374002,4,0,0,999909,1
35702.986881,4,0,0,999874,1
35703.576634,4,0,0,999898,1
35704.567690,4,0,0,999793,1
35707.285909,4,0,0,999796,1
35708.266922,4,0,0,999782,1
35708.896828,4,0,0,999809,1
35715.068174,4,0,0,999729,1
35726.587072,4,0,0,999854,1
35726.887476,4,0,0,999876,1
35727.091698,4,0,0,999872,1
35728.700033,4,0,0,999926,1
35732.842631,4,0,0,1000017,1
35746.154196,4,0,0,1000130,1
35750.320067,4,0,0,1000013,1
35755.766320,4,0,0,999885,1
35760.784179,4,0,0,999749,1
35774.692253,4,0,0,999602,1
35783.979198,4,0,0,999694,1
35786.119984,4,0,0,999659,1
35794.374772,4,0,0,999569,1
35795.821921,4,0,0,999584,1
35816.238494,4,0,0,999775,1
35818.678594,4,0,0,999816,1
35822.542968,4,0,0,999938,1
35827.530906,4,0,0,999891,1
35829.332388,4,0,0,999918,1
35839.091501,4,0,0,1000055,1
35861.005925,4,0,0,1000082,1
35865.034642,4,0,0,999985,1
35866.239298,4,0,0,999913,1
35867.848227,4,0,0,999936,1
35875.995371,4,0,0,1000050,1
35879.930808,4,0,0,1000133,1
35883.667542,4,0,0,999976,1
35884.441912,4,0,0,1000020,1
35890.885427,4,0,0,1000028,1
35891.699049,4,0,0,1000008,1
35892.687142,4,0,0,1000002,1
35896.903893,4,0,0,999845,1
35901.518231,4,0,0,999750,1
35902.524208,4,0,0,999741,1
35915.600823,4,0,0,999657,1
35921.486964,4,0,0,999483,1
35929.221278,4,0,0,999257,1
35936.475247,4,0,0,999259,1
35940.016650,4,0,0,999241,1
35944.792122,4,0,0,999093,1
35944.882548,4,0,0,999082,1
35949.063619,4,0,0,999028,1
35953.561262,4,0,0,999216,1
35958.828848,4,0,0,999264,1
35959.917153,4,0,0,999284,1
35961.766201,4,0,0,999297,1
35979.117356,4,0,0,999299,1
35980.646680,4,0,0,999357,1
35986.401372,4,0,0,999445,1
35987.875047,4,0,0,999467,1
35991.939304,4,0,0,999344,1
36001.770985,4,0,0,999565,1
36009.890871,4,0,0,999474,1
36010.032674,4,0,0,999457,1
36012.672547,4,0,0,999552,1
36015.063657,4,0,0,999477,1
36026.085604,4,0,0,999413,1
36026.259896,4,0,0,999402,1
36029.159403,4,0,0,999226,1
36048.189363,4,0,0,999346,1
36048.366626,4,0,0,999305,1
36053.676974,4,0,0,999238,1
36060.019821,4,0,0,999208,1
36060.549471,4,0,0,999242,1
36061.996621,4,0,0,999401,1
36065.077764,4,0,0,999435,1
36066.150938,4,0,0,999452,1
36079.049015,4,0,0,999194,1
36085.070107,4,0,0,999063,1
36085.579530,4,0,0,999084,1
36095.475543,4,0,0,999149,1
36097.100574,4,0,0,999071,1
36099.580871,4,0,0,999072,1
36104.201565,4,0,0,999167,1
36107.464852,4,0,0,999100,1
36111.130805,4,0,0,999404,1
36124.654136,4,0,0,999223,1
36126.993889,4,0,0,999218,1
36130.515720,4,0,0,999224,1
36131.541975,4,0,0,999261,1
36131.705647,4,0,0,999253,1
36135.221309,4,0,0,999297,1
36135.724632,4,0,0,999295,1
36141.131020,4,0,0,999351,1
36142.396383,4,0,0,999369,1
36145.787376,4,0,0,999491,1
36153.865236,4,0,0,999538,1
36159.532489,4,0,0,999380,1
36162.196856,4,0,0,999286,1
36167.670571,4,0,0,999182,1
36169.521586,4,0,0,999245,1
36181.007241,4,0,0,998953,1
36182.781337,4,0,0,999092,1
36187.350476,4,0,0,999139,1
36190.160673,4,0,0,999055,1
36190.415904,4,0,0,999043,1
36192.902555,4,0,0,999028,1
36197.157411,4,0,0,998983,1
36200.222955,4,0,0,998974,1
36213.458208,4,0,0,999188,1
36214.113668,4,0,0,999248,1
36220.766328,4,0,0,999129,1
36225.427053,4,0,0,999066,1
36227.527280,4,0,0,999086,1
36231.375900,4,0,0,999001,1
36232.040576,4,0,0,999048,1
36236.339278,4,0,0,999076,1
36237.046660,4,0,0,999063,1
36241.303579,4,0,0,998931,1
36249.821815,4,0,0,998955,1
36252.330411,4,0,0,998858,1
36252.613031,4,0,0,998847,1
36253.825105,4,0,0,998810,1
36257.832378,4,0,0,998749,1
36262.389050,4,0,0,998943,1
36276.548006,4,0,0,999200,1
36287.443186,4,0,0,999427,1
36289.088445,4,0,0,999368,1
36289.667960,4,0,0,999432,1
36297.883528,4,0,0,999452,1
36301.428706,4,0,0,999509,1
36317.511167,4,0,0,999402,1
36317.856853,4,0,0,999410,1
36319.931290,4,0,0,999472,1
36326.427754,4,0,0,999393,1
36330.382056,4,0,0,999349,1
36338.482184,4,0,0,999281,1
36345.031617,4,0,0,999272,1
36347.140158,4,0,0,999227,1
36349.439011,4,0,0,999218,1
36350.673121,4,0,0,999163,1
36358.568280,4,0,0,999225,1
36361.298216,4,0,0,999139,1
36370.258571,4,0,0,999144,1
36384.404661,4,0,0,999371,1
36386.403106,4,0,0,999328,1
36388.593048,4,0,0,999203,1
36391.701798,4,0,0,999094,1
36398.305298,4,0,0,998985,1
36398.386495,4,0,0,998996,1
36401.067733,4,0,0,998951,1
36408.825232,4,0,0,998900,1
36409.591343,4,0,0,998868,1
36416.342473,4,0,0,998829,1
36418.392036,4,0,0,998823,1
36418.602525,4,0,0,998822,1
36424.764590,4,0,0,998927,1
36434.082642,4,0,0,998836,1
36452.127994,4,0,0,998837,1
36452.916072,4,0,0,998766,1
36457.195569,4,0,0,998923,1
36458.715229,4,0,0,998886,1
36469.003493,4,0,0,999188,1
36469.461722,4,0,0,999123,1
36470.416972,4,0,0,999139,1
36470.806791,4,0,0,999103,1
36472.487680,4,0,0,999041,1
36487.103164,4,0,0,998741,1
36489.290182,4,0,0,998823,1
36493.225408,4,0,0,998792,1
36495.637332,4,0,0,998824,1
36514.481946,4,0,0,998610,1
36520.487801,4,0,0,998450,1
36529.298713,4,0,0,998336,1
36529.950494,4,0,0,998331,1
36543.151802,4,0,0,998359,1
36544.685816,4,0,0,998333,1
36550.247179,4,0,0,998564,1
36551.934020,4,0,0,998611,1
36556.941353,4,0,0,998636,1
36557.115853,4,0,0,998659,1
36559.480418,4,0,0,998540,1
36573.911937,4,0,0,998275,1
36574.647912,4,0,0,998203,1
36576.849550,4,0,0,998150,1
36589.691938,4,0,0,998522,1
36589.732292,4,0,0,998530,1
36598.449213,4,0,0,998321,1
36607.148948,4,0,0,998076,1
36614.416401,4,0,0,998154,1
36624.651851,4,0,0,998086,1
36626.935639,4,0,0,998107,1
36628.621998,4,0,0,998089,1
36632.184812,4,0,0,998196,1
36633.847131,4,0,0,998130,1
36635.201799,4,0,0,998161,1
36635.506355,4,0,0,998202,1
36637.590394,4,0,0,998266,1
36638.406192,4,0,0,998330,1
36645.225856,4,0,0,998217,1
36650.647734,4,0,0,998124,1
36660.118026,4,0,0,998327,1
36663.227902,4,0,0,998344,1
36664.560348,4,0,0,998268,1
36671.387004,4,0,0,998381,1
36672.397104,4,0,0,998393,1
36674.704301,4,0,0,998343,1
36679.364457,4,0,0,998323,1
36684.179502,4,0,0,998357,1
36687.322072,4,0,0,998329,1
36692.158770,4,0,0,998306,1
36693.290586,4,0,0,998201,1
36696.425492,4,0,0,998133,1
36698.234362,4,0,0,998191,1
36699.124079,4,0,0,998297,1
36699.470441,4,0,0,998267,1
36700.553173,4,0,0,998318,1
36703.050833,4,0,0,998314,1
36708.271256,4,0,0,998154,1
36709.740669,4,0,0,998167,1
36719.857129,4,0,0,998484,1
36720.199716,4,0,0,998513,1
36727.971188,4,0,0,998390,1
36730.994889,4,0,0,998370,1
36732.819648,4,0,0,998394,1
36733.544055,4,0,0,998359,1
36737.881002,4,0,0,998436,1
36741.916615,4,0,0,998389,1
36747.475471,4,0,0,998383,1
36756.686163,4,0,0,998218,1
36759.640713,4,0,0,998344,1
36773.846929,4,0,0,998070,1
36794.046903,4,0,0,998209,1
36794.651520,4,0,0,998182,1
36798.432232,4,0,0,998089,1
36802.801400,4,0,0,998302,1
36802.873305,4,0,0,998300,1
36803.635803,4,0,0,998328,1
36810.128330,4,0,0,998370,1
36812.359202,4,0,0,998322,1
36820.394577,4,0,0,998172,1
36844.036869,4,0,0,997996,1
36848.259207,4,0,0,997951,1
36848.359536,4,0,0,997952,1
36849.164409,4,0,0,998018,1
36854.375787,4,0,0,998135,1
36861.395258,4,0,0,998251,1
36861.439816,4,0,0,998261,1
36866.264691,4,0,0,998449,1
36869.933812,4,0,0,998427,1
36870.605928,4,0,0,998436,1
36871.029596,4,0,0,998429,1
36885.688558,4,0,0,998639,1
36900.983497,4,0,0,998592,1
36902.818021,4,0,0,998660,1
36905.212506,4,0,0,998661,1
36905.775406,4,0,0,998757,1
36907.142886,4,0,0,998696,1
36909.009425,4,0,0,998631,1
36914.623937,4,0,0,998773,1
36917.302163,4,0,0,998791,1
36921.988296,4,0,0,998765,1
36927.049990,4,0,0,998755,1
36930.666073,4,0,0,998778,1
36934.372597,4,0,0,998907,1
36934.372891,4,0,0,998906,1
36939.185960,4,0,0,999008,1
36944.797621,4,0,0,998752,1
36965.702981,4,0,0,998766,1
36968.688557,4,0,0,998737,1
36974.174209,4,0,0,998765,1
36976.780486,4,0,0,998629,1
36977.918803,4,0,0,998594,1
36978.648403,4,0,0,998659,1
36979.101574,4,0,0,998634,1
36980.307452,4,0,0,998674,1
36982.873627,4,0,0,998723,1
36983.142284,4,0,0,998754,1
36983.171511,4,0,0,998760,1
36990.305986,4,0,0,998738,1
37000.878463,4,0,0,998716,1
37002.553771,4,0,0,998697,1
37004.995542,4,0,0,998875,1
37017.441617,4,0,0,998646,1
37019.878512,4,0,0,998487,1
37023.101117,4,0,0,998529,1
37023.434906,4,0,0,998572,1
37026.815864,4,0,0,998479,1
37032.766726,4,0,0,998572,1
37034.338662,4,0,0,998604,1
37037.295077,4,0,0,998646,1
37037.594718,4,0,0,998651,1
37042.021274,4,0,0,998543,1
37047.866604,4,0,0,998691,1
37047.980283,4,0,0,998710,1
37051.085512,4,0,0,998671,1
37051.514699,4,0,0,998719,1
37070.243182,4,0,0,999030,1
37072.962222,4,0,0,999089,1
37076.265752,4,0,0,999212,1
37079.490640,4,0,0,999182,1
37092.378474,4,0,0,999153,1
37097.270800,4,0,0,999163,1
37103.500677,4,0,0,999296,1
37107.788088,4,0,0,999387,1
37111.313461,4,0,0,999291,1
37119.500736,4,0,0,999332,1
37128.097490,4,0,0,999239,1
37132.393400,4,0,0,999304,1
37135.860471,4,0,0,999348,1
37138.395457,4,0,0,999291,1
37141.831914,4,0,0,999165,1
37142.115890,4,0,0,999131,1
37143.605614,4,0,0,999141,1
37151.316413,4,0,0,999141,1
37164.230418,4,0,0,999020,1
37164.288139,4,0,0,998998,1
37164.369745,4,0,0,998997,1
37177.126794,4,0,0,999441,1
37186.052806,4,0,0,999277,1
37189.303610,4,0,0,999386,1
37202.883740,4,0,0,999181,1
37204.261001,4,0,0,999066,1
37206.078697,4,0,0,998999,1
37219.702643,4,0,0,999289,1
37221.664635,4,0,0,999179,1
37240.073089,4,0,0,999285,1
37240.803050,4,0,0,999283,1
37245.289102,4,0,0,999288,1
37249.736870,4,0,0,999268,1
37250.576788,4,0,0,999171,1
37251.659634,4,0,0,999185,1
37254.162112,4,0,0,999216,1
37257.482121,4,0,0,999241,1
37259.405924,4,0,0,999239,1
37264.731034,4,0,0,999239,1
37278.833242,4,0,0,999349,1
37288.067551,4,0,0,999368,1
37288.985079,4,0,0,999456,1
37292.378320,4,0,0,999437,1
37317.023639,4,0,0,999409,1
37320.002198,4,0,0,999452,1
37329.609385,4,0,0,999704,1
37330.011705,4,0,0,999709,1
37335.751886,4,0,0,999694,1
37336.572267,4,0,0,999710,1
37348.560725,4,0,0,999798,1
37351.009227,4,0,0,999862,1
37353.541489,4,0,0,999807,1
37354.020568,4,0,0,999723,1
37354.400246,4,0,0,999687,1
37358.924916,4,0,0,999758,1
37362.633644,4,0,0,999788,1
37364.681978,4,0,0,999820,1
37380.939727,4,0,0,999926,1
37383.730420,4,0,0,999852,1
37389.255871,4,0,0,999841,1
37390.550733,4,0,0,999836,1
37393.896754,4,0,0,999885,1
37407.206411,4,0,0,999876,1
37409.704629,4,0,0,999786,1
37413.418061,4,0,0,999732,1
37415.104363,4,0,0,999802,1
37416.975829,4,0,0,999785,1
37419.358001,4,0,0,999788,1
37420.771519,4,0,0,999788,1
37427.848338,4,0,0,999736,1
37431.242336,4,0,0,999768,1
37445.289567,4,0,0,999718,1
37449.378294,4,0,0,999868,1
37455.424592,4,0,0,1000048,1
37458.404933,4,0,0,999875,1
37459.823319,4,0,0,999905,1
37461.606612,4,0,0,999964,1
37462.842421,4,0,0,999943,1
37463.169791,4,0,0,999968,1
37468.994583,4,0,0,1000070,1
37472.522041,4,0,0,1000039,1
37473.852181,4,0,0,1000043,1
37474.343647,4,0,0,1000066,1
37476.589152,4,0,0,1000142,1
37481.764968,4,0,0,1000181,1
37483.755520,4,0,0,1000245,1
37486.322001,4,0,0,1000274,1
37489.349075,4,0,0,1000256,1
37492.098506,4,0,0,1000136,1
37494.693298,4,0,0,1000126,1
37496.955722,4,0,0,1000084,1
37499.115247,4,0,0,1000071,1
37504.844363,4,0,0,1000132,1
37511.489655,4,0,0,1000086,1
37513.471255,4,0,0,999973,1
37520.634066,4,0,0,999867,1
37523.932016,4,0,0,999867,1
37526.804068,4,0,0,999766,1
37538.854692,4,0,0,999499,1
37542.725375,4,0,0,999457,1
37547.828137,4,0,0,999269,1
37549.063406,4,0,0,999367,1
37551.100167,4,0,0,999295,1
37554.154825,4,0,0,999274,1
37558.693398,4,0,0,999236,1
37565.009554,4,0,0,999323,1
37573.866903,4,0,0,999362,1
37579.661891,4,0,0,999299,1
37584.183849,4,0,0,999317,1
37587.357083,4,0,0,999338,1
37589.920054,4,0,0,999315,1
37597.194061,4,0,0,999357,1
37600.334020,4,0,0,999259,1
37601.243666,4,0,0,999275,1
37602.641274,4,0,0,999283,1
37603.968906,4,0,0,999300,1
37612.037625,4,0,0,999415,1
37640.329732,4,0,0,999283,1
37648.166542,4,0,0,999298,1
37654.196017,4,0,0,999153,1
37658.589332,4,0,0,999162,1
37660.888775,4,0,0,998999,1
37666.718910,4,0,0,999180,1
37670.451539,4,0,0,999146,1
37672.419788,4,0,0,999148,1
37672.830664,4,0,0,999146,1
37673.943034,4,0,0,999116,1
37692.678563,4,0,0,999074,1
37694.665346,4,0,0,999054,1
37700.789416,4,0,0,999107,1
37703.896856,4,0,0,999231,1
37708.099616,4,0,0,999094,1
37709.695347,4,0,0,999014,1
37714.688136,4,0,0,999034,1
37715.129731,4,0,0,998973,1
37720.028522,4,0,0,998901,1
37729.644192,4,0,0,998734,1
37740.443449,4,0,0,998648,1
37744.811718,4,0,0,998571,1
37745.546100,4,0,0,998616,1
37754.481705,4,0,0,998610,1
37757.164120,4,0,0,998529,1
37760.974823,4,0,0,998587,1
37766.474627,4,0,0,998661,1
37770.602821,4,0,0,998663,1
37779.029878,4,0,0,998449,1
37784.308895,4,0,0,998424,1
37798.632844,4,0,0,998355,1
37800.037568,4,0,0,998402,1
37804.767150,4,0,0,998469,1
37809.282455,4,0,0,998280,1
37814.973135,4,0,0,998143,1
37816.184722,4,0,0,998183,1
37816.558687,4,0,0,998201,1
37816.661263,4,0,0,998200,1
37819.660949,4,0,0,998200,1
37823.810761,4,0,0,998176,1
37823.975501,4,0,0,998189,1
37827.617225,4,0,0,998297,1
37831.769050,4,0,0,998339,1
37832.117408,4,0,0,998339,1
37842.783760,4,0,0,998657,1
37843.324477,4,0,0,998621,1
37844.391997,4,0,0,998624,1
37846.519981,4,0,0,998682,1
37851.218809,4,0,0,998620,1
37853.215089,4,0,0,998547,1
37857.008501,4,0,0,998428,1
37860.827740,4,0,0,998406,1
37862.501430,4,0,0,998365,1
37864.675024,4,0,0,998281,1
37875.522640,4,0,0,998297,1
37877.574460,4,0,0,998361,1
37888.540087,4,0,0,998097,1
37904.370270,4,0,0,998021,1
37911.420950,4,0,0,997886,1
37914.330475,4,0,0,997807,1
37928.336757,4,0,0,997589,1
37929.519103,4,0,0,997598,1
37941.945167,4,0,0,997637,1
37949.273800,4,0,0,997339,1
37953.778083,4,0,0,997294,1
37963.013797,4,0,0,997388,1
37965.050389,4,0,0,997368,1
37965.765038,4,0,0,997365,1
37965.817470,4,0,0,997361,1
37968.086214,4,0,0,997428,1
37970.811628,4,0,0,997602,1
37977.036076,4,0,0,997492,1
37977.929223,4,0,0,997516,1
37980.473968,4,0,0,997625,1
37983.492476,4,0,0,997684,1
37993.327964,4,0,0,997542,1
37994.806995,4,0,0,997512,1
37998.341255,4,0,0,997536,1
37998.748159,4,0,0,997572,1
37999.897611,4,0,0,997570,1
38001.017446,4,0,0,997572,1
38003.260847,4,0,0,997593,1
38009.835344,4,0,0,997537,1
38013.383793,4,0,0,997706,1
38015.539429,4,0,0,997868,1
38018.005906,4,0,0,997974,1
38031.159119,4,0,0,997979,1
38035.006119,4,0,0,997964,1
38036.262487,4,0,0,997895,1
38037.036865,4,0,0,998021,1
38044.848572,4,0,0,998063,1
38045.294280,4,0,0,998060,1
38046.645012,4,0,0,998081,1
38058.755634,4,0,0,998051,1
38059.516294,4,0,0,997987,1
38064.026308,4,0,0,998199,1
38067.207094,4,0,0,998095,1
38067.753198,4,0,0,998184,1
38073.513396,4,0,0,998005,1
38081.917828,4,0,0,998118,1
38092.513395,4,0,0,997944,1
38093.748989,4,0,0,997893,1
38096.139751,4,0,0,997870,1
38096.575531,4,0,0,997866,1
38107.529214,4,0,0,997900,1
38108.032470,4,0,0,997890,1
38119.334875,4,0,0,998238,1
38119.610072,4,0,0,998245,1
38121.994316,4,0,0,998254,1
38124.293735,4,0,0,998343,1
38127.760782,4,0,0,998425,1
38130.784644,4,0,0,998454,1
38138.679324,4,0,0,998339,1
38145.565184,4,0,0,998352,1
38151.179804,4,0,0,998456,1
38162.406407,4,0,0,998451,1
38162.601900,4,0,0,998455,1
38166.782029,4,0,0,998506,1
38169.629850,4,0,0,998517,1
38185.865134,4,0,0,998039,1
38186.495860,4,0,0,997953,1
38187.674144,4,0,0,997919,1
38190.749982,4,0,0,997944,1
38191.156413,4,0,0,997879,1
38193.220147,4,0,0,997924,1
38194.951950,4,0,0,997877,1
38202.112517,4,0,0,997972,1
38205.838055,4,0,0,997972,1
38205.996285,4,0,0,998008,1
38211.124157,4,0,0,997885,1
38218.246283,4,0,0,997878,1
38231.628721,4,0,0,997697,1
38239.728319,4,0,0,997898,1
38245.258929,4,0,0,997835,1
38246.244867,4,0,0,997861,1
38258.094772,4,0,0,997836,1
38258.831247,4,0,0,997915,1
38269.465256,4,0,0,997964,1
38272.912238,4,0,0,997909,1
38280.443461,4,0,0,998131,1
38282.803187,4,0,0,998012,1
38290.523489,4,0,0,997909,1
38294.646510,4,0,0,997780,1
38297.177475,4,0,0,997881,1
38299.505090,4,0,0,997811,1
38311.797512,4,0,0,997769,1
38321.263170,4,0,0,997660,1
38324.837734,4,0,0,997612,1
38326.350630,4,0,0,997579,1
38330.061732,4,0,0,997589,1
38335.587601,4,0,0,997602,1
38340.214366,4,0,0,997608,1
38344.686854,4,0,0,997579,1
38351.615548,4,0,0,997543,1
38353.088154,4,0,0,997546,1
38361.308892,4,0,0,997136,1
38363.015640,4,0,0,997195,1
38374.439101,4,0,0,997012,1
38376.337923,4,0,0,996940,1
38377.707334,4,0,0,996919,1
38384.860173,4,0,0,996802,1
38385.435231,4,0,0,996863,1
38392.220607,4,0,0,996757,1
38395.754979,4,0,0,996738,1
38400.828598,4,0,0,996727,1
38403.477666,4,0,0,996801,1
38405.823820,4,0,0,996780,1
38417.439303,4,0,0,997097,1
38422.434884,4,0,0,997074,1
38423.943393,4,0,0,997072,1
38424.718136,4,0,0,997065,1
38424.861596,4,0,0,997047,1
38429.572322,4,0,0,996977,1
38432.014312,4,0,0,996908,1
38437.821701,4,0,0,997028,1
38439.337597,4,0,0,997073,1
38447.107801,4,0,0,997200,1
38459.363159,4,0,0,997242,1
38464.913172,4,0,0,997444,1
38467.808634,4,0,0,997361,1
38471.623217,4,0,0,997307,1
38472.586247,4,0,0,997337,1
38473.476509,4,0,0,997225,1
38473.791451,4,0,0,997178,1
38479.398490,4,0,0,997106,1
38480.982455,4,0,0,997172,1
38499.142424,4,0,0,997352,1
38505.747052,4,0,0,997399,1
38511.146527,4,0,0,997426,1
38516.407349,4,0,0,997182,1
38520.819299,4,0,0,997216,1
38521.397782,4,0,0,997170,1
38537.214486,4,0,0,997249,1
38540.786554,4,0,0,997448,1
38546.145512,4,0,0,997599,1
38550.605664,4,0,0,997558,1
38554.079734,4,0,0,997521,1
38555.589330,4,0,0,997456,1
38560.040500,4,0,0,997391,1
38565.892809,4,0,0,997332,1
38568.123665,4,0,0,997197,1
38573.957348,4,0,0,997139,1
38574.653670,4,0,0,997148,1
38580.530021,4,0,0,997106,1
38587.741778,4,0,0,997163,1
38607.370518,4,0,0,997044,1
38613.773512,4,0,0,996992,1
38627.694232,4,0,0,996957,1
38629.018615,4,0,0,997005,1
38637.932083,4,0,0,997288,1
38643.535599,4,0,0,997216,1
38653.990346,4,0,0,997302,1
38654.380028,4,0,0,997274,1
38658.211501,4,0,0,997216,1
38659.231780,4,0,0,997171,1
38660.375589,4,0,0,997116,1
38661.751748,4,0,0,997119,1
38662.254343,4,0,0,997083,1
38662.916006,4,0,0,997022,1
38669.281283,4,0,0,997022,1
38673.407009,4,0,0,997158,1
38683.267885,4,0,0,997172,1
38683.385788,4,0,0,997174,1
38687.116406,4,0,0,997170,1
38694.950840,4,0,0,996911,1
38699.411682,4,0,0,996836,1
38700.661303,4,0,0,996863,1
38700.741337,4,0,0,996884,1
38707.081219,4,0,0,996907,1
38714.915370,4,0,0,996621,1
38715.225892,4,0,0,996577,1
38718.098601,4,0,0,996568,1
38719.802169,4,0,0,996624,1
38722.917413,4,0,0,996734,1
38729.919308,4,0,0,996876,1
38733.895244,4,0,0,996745,1
38736.196465,4,0,0,996717,1
38742.016138,4,0,0,996659,1
38746.331031,4,0,0,996812,1
38756.214731,4,0,0,996997,1
38757.133028,4,0,0,997025,1
38760.006310,4,0,0,997089,1
38764.641260,4,0,0,997187,1
38766.616695,4,0,0,997147,1
38770.796133,4,0,0,997139,1
38771.143361,4,0,0,997131,1
38771.644532,4,0,0,997086,1
38774.722634,4,0,0,997069,1
38778.447545,4,0,0,996962,1
38798.143417,4,0,0,997022,1
38803.373981,4,0,0,996904,1
38808.932988,4,0,0,997030,1
38813.526382,4,0,0,997218,1
38838.188560,4,0,0,997316,1
38847.493039,4,0,0,997278,1
38864.899541,4,0,0,997179,1
38872.626031,4,0,0,997206,1
38876.728580,4,0,0,996927,1
38884.004422,4,0,0,996789,1
38888.234937,4,0,0,996544,1
38890.610487,4,0,0,996585,1
38891.923087,4,0,0,996681,1
38896.416669,4,0,0,996686,1
38896.968507,4,0,0,996677,1
38903.926571,4,0,0,996767,1
38906.047354,4,0,0,996786,1
38927.203889,4,0,0,996516,1
38929.273141,4,0,0,996480,1
38938.165772,4,0,0,996346,1
38944.256469,4,0,0,996250,1
38945.305665,4,0,0,996292,1
38945.505545,4,0,0,996329,1
38947.433846,4,0,0,996405,1
38954.719114,4,0,0,996316,1
38959.475685,4,0,0,996106,1
38962.514943,4,0,0,996109,1
38965.397252,4,0,0,996011,1
38969.317655,4,0,0,996114,1
38969.389912,4,0,0,996108,1
38980.000316,4,0,0,996174,1
38982.566874,4,0,0,996226,1
38983.850861,4,0,0,996192,1
38984.579080,4,0,0,996163,1
39012.164785,4,0,0,996588,1
39014.658521,4,0,0,996569,1
39019.196442,4,0,0,996524,1
39020.170357,4,0,0,996539,1
39020.387337,4,0,0,996524,1
39022.185883,4,0,0,996604,1
39024.358043,4,0,0,996600,1
39030.426774,4,0,0,996706,1
39030.486897,4,0,0,996723,1
39043.091441,4,0,0,996995,1
39047.767453,4,0,0,997052,1
39048.406967,4,0,0,997127,1
39059.798176,4,0,0,997145,1
39060.312277,4,0,0,997145,1
39066.591840,4,0,0,997076,1
39075.055835,4,0,0,997129,1
39080.681633,4,0,0,997297,1
39081.745279,4,0,0,997291,1
39083.704953,4,0,0,997279,1
39084.192723,4,0,0,997300,1
39087.749059,4,0,0,997356,1
39090.761019,4,0,0,997459,1
39097.355388,4,0,0,997727,1
39100.033579,4,0,0,997849,1
39104.361808,4,0,0,997898,1
39105.592511,4,0,0,997861,1
39106.703552,4,0,0,997870,1
39107.252789,4,0,0,997830,1
39108.133134,4,0,0,997799,1
39108.248186,4,0,0,997807,1
39110.551657,4,0,0,997834,1
39133.034821,4,0,0,997817,1
39141.935292,4,0,0,997903,1
39155.238584,4,0,0,997564,1
39157.845651,4,0,0,997675,1
39169.776701,4,0,0,997561,1
39174.414047,4,0,0,997760,1
39175.164593,4,0,0,997753,1
39177.503446,4,0,0,997776,1
39179.537704,4,0,0,997672,1
39180.044971,4,0,0,997719,1
39180.692122,4,0,0,997747,1
39185.875588,4,0,0,997689,1
39189.343161,4,0,0,997599,1
39190.462922,4,0,0,997579,1
39190.517970,4,0,0,997588,1
39193.350868,4,0,0,997502,1
39202.325268,4,0,0,997522,1
39218.282167,4,0,0,997617,1
39221.973634,4,0,0,997489,1
39231.565353,4,0,0,997801,1
39240.643515,4,0,0,997905,1
39242.006361,4,0,0,997907,1
39258.026608,4,0,0,997901,1
39261.909018,4,0,0,997867,1
39266.494384,4,0,0,997840,1
39282.560888,4,0,0,998034,1
39284.375007,4,0,0,998126,1
39301.227568,4,0,0,998046,1
39306.337769,4,0,0,998002,1
39314.879650,4,0,0,998174,1
39322.977475,4,0,0,998079,1
39324.308533,4,0,0,998021,1
39325.323158,4,0,0,998006,1
39327.067284,4,0,0,998056,1
39330.045703,4,0,0,997993,1
39330.845423,4,0,0,998003,1
39331.793246,4,0,0,997994,1
39333.950220,4,0,0,998152,1
39344.503496,4,0,0,998224,1
39344.982350,4,0,0,998239,1
39350.377152,4,0,0,998334,1
39355.233183,4,0,0,998318,1
39362.648951,4,0,0,998532,1
39362.707354,4,0,0,998529,1
39364.942604,4,0,0,998476,1
39372.176933,4,0,0,998700,1
39376.430244,4,0,0,998599,1
39379.127831,4,0,0,998675,1
39391.562143,4,0,0,998596,1
39391.850221,4,0,0,998568,1
39392.744061,4,0,0,998496,1
39393.259866,4,0,0,998504,1
39399.262043,4,0,0,998680,1
39405.110460,4,0,0,998712,1
39414.590437,4,0,0,998551,1
39424.656777,4,0,0,998715,1
39431.097146,4,0,0,998600,1
39431.756953,4,0,0,998606,1
39435.105178,4,0,0,998721,1
39437.857102,4,0,0,998821,1
39438.849012,4,0,0,998821,1
39442.337575,4,0,0,998841,1
39448.772909,4,0,0,999050,1
39451.787442,4,0,0,998986,1
39464.253380,4,0,0,999042,1
39475.370282,4,0,0,999134,1
39480.088058,4,0,0,999097,1
39482.900597,4,0,0,999161,1
39483.913674,4,0,0,999121,1
39489.966016,4,0,0,999071,1
39497.109331,4,0,0,999044,1
39500.442251,4,0,0,999153,1
39506.928925,4,0,0,999074,1
39515.061987,4,0,0,999218,1
39521.768335,4,0,0,999261,1
39531.512386,4,0,0,999164,1
39534.931848,4,0,0,999126,1
39537.241180,4,0,0,999155,1
39556.292695,4,0,0,999346,1
39567.962213,4,0,0,999589,1
39578.958976,4,0,0,999620,1
39587.956178,4,0,0,999637,1
39588.448908,4,0,0,999648,1
39590.952398,4,0,0,999722,1
39592.104521,4,0,0,999696,1
39592.268234,4,0,0,999675,1
39595.765239,4,0,0,999614,1
39602.010586,4,0,0,999385,1
39603.792988,4,0,0,999404,1
39606.493284,4,0,0,999373,1
39608.192960,4,0,0,999402,1
39611.330797,4,0,0,999428,1
39612.748000,4,0,0,999517,1
39614.466066,4,0,0,999571,1
39620.312570,4,0,0,999558,1
39633.520666,4,0,0,999316,1
39633.919531,4,0,0,999250,1
39639.413806,4,0,0,999200,1
39643.152196,4,0,0,999195,1
39644.063512,4,0,0,999198,1
39651.742244,4,0,0,999304,1
39656.707487,4,0,0,999422,1
39659.973174,4,0,0,999532,1
39664.011177,4,0,0,999428,1
39664.676970,4,0,0,999414,1
39672.828524,4,0,0,999321,1
39678.255259,4,0,0,999265,1
39690.246000,4,0,0,999422,1
39692.280999,4,0,0,999496,1
39696.413742,4,0,0,999498,1
39696.858235,4,0,0,999479,1
39697.822619,4,0,0,999469,1
39699.205473,4,0,0,999524,1
39700.804276,4,0,0,999420,1
39702.731746,4,0,0,999434,1
39704.674548,4,0,0,999458,1
39705.640590,4,0,0,999518,1
39707.498207,4,0,0,999433,1
39717.187659,4,0,0,999516,1
39719.364902,4,0,0,999507,1
39724.209383,4,0,0,999477,1
39730.240082,4,0,0,999206,1
39734.584572,4,0,0,999114,1
39735.762747,4,0,0,999162,1
39747.772521,4,0,0,998967,1
39757.451818,4,0,0,998908,1
39762.478698,4,0,0,998737,1
39788.194322,4,0,0,998390,1
39792.561530,4,0,0,998381,1
39792.714213,4,0,0,998374,1
39795.101982,4,0,0,998443,1
39800.944310,4,0,0,998664,1
39805.815939,4,0,0,998783,1
39807.400708,4,0,0,998727,1
39808.559406,4,0,0,998741,1
39810.023324,4,0,0,998909,1
39821.574140,4,0,0,999100,1
39824.633125,4,0,0,999210,1
39832.902829,4,0,0,999292,1
39834.127097,4,0,0,999304,1
39837.223939,4,0,0,999311,1
39839.602829,4,0,0,999264,1
39844.268414,4,0,0,999260,1
39846.405900,4,0,0,999306,1
39865.059069,4,0,0,999023,1
39868.138741,4,0,0,999035,1
39870.950107,4,0,0,999143,1
39872.563703,4,0,0,999197,1
39882.332074,4,0,0,999148,1
39886.577092,4,0,0,999040,1
39886.788131,4,0,0,999045,1
39892.409201,4,0,0,998966,1
39894.720913,4,0,0,999036,1
39897.569682,4,0,0,999046,1
39900.183516,4,0,0,999056,1
39902.670580,4,0,0,999078,1
39912.670701,4,0,0,998939,1
39920.508782,4,0,0,998925,1
39921.005086,4,0,0,998994,1
39921.142973,4,0,0,998983,1
39925.774093,4,0,0,998999,1
39927.326133,4,0,0,998894,1
39931.787314,4,0,0,998975,1
39940.104833,4,0,0,999269,1
39946.040969,4,0,0,999184,1
39948.185193,4,0,0,999125,1
39953.005415,4,0,0,999247,1
39961.567454,4,0,0,999565,1
39965.107964,4,0,0,999659,1
39966.594740,4,0,0,999670,1
39981.354366,4,0,0,999532,1
39982.340598,4,0,0,999498,1
39983.412150,4,0,0,999438,1
39985.305461,4,0,0,999342,1
39985.473194,4,0,0,999327,1
39990.889969,4,0,0,999136,1
39991.886153,4,0,0,999137,1
40000.382658,4,0,0,999102,1
40001.061004,4,0,0,999087,1
40014.102521,4,0,0,999127,1
40019.242170,4,0,0,999127,1
40021.834227,4,0,0,999181,1
40022.500813,4,0,0,999162,1
40026.143997,4,0,0,999053,1
40028.946239,4,0,0,999231,1
40038.152499,4,0,0,999255,1
40041.008500,4,0,0,999164,1
40041.315997,4,0,0,999113,1
40047.278802,4,0,0,999246,1
40051.656423,4,0,0,999493,1
40055.396745,4,0,0,999432,1
40056.468210,4,0,0,999382,1
40059.746541,4,0,0,999527,1
40067.801218,4,0,0,999654,1
40072.467716,4,0,0,999521,1
40079.017454,4,0,0,999596,1
40084.426592,4,0,0,999499,1
40086.003656,4,0,0,999483,1
40092.105637,4,0,0,999469,1
40112.063999,4,0,0,999391,1
40115.402641,4,0,0,999513,1
40117.401889,4,0,0,999606,1
40117.449879,4,0,0,999596,1
40117.530090,4,0,0,999589,1
40118.041075,4,0,0,999641,1
40120.313675,4,0,0,999596,1
40124.417965,4,0,0,999531,1
40128.254074,4,0,0,999479,1
40137.562409,4,0,0,999411,1
40139.557256,4,0,0,999399,1
40144.701188,4,0,0,999252,1
40147.135109,4,0,0,999409,1
40149.179422,4,0,0,999511,1
40150.037303,4,0,0,999518,1
40161.157192,4,0,0,999568,1
40165.094532,4,0,0,999594,1
40165.495595,4,0,0,999578,1
40180.785481,4,0,0,999637,1
40188.424745,4,0,0,999644,1
40192.190931,4,0,0,999554,1
40196.052642,4,0,0,999635,1
40211.739192,4,0,0,999699,1
40213.025059,4,0,0,999716,1
40221.784544,4,0,0,999585,1
40237.837478,4,0,0,999701,1
40240.967969,4,0,0,999747,1
40257.393974,4,0,0,999697,1
40258.548676,4,0,0,999739,1
40259.791680,4,0,0,999705,1
40261.296559,4,0,0,999745,1
40271.012442,4,0,0,999856,1
40271.456567,4,0,0,999848,1
40275.243531,4,0,0,999922,1
40275.246935,4,0,0,999919,1
40275.834415,4,0,0,999966,1
40277.750988,4,0,0,1000056,1
40294.816508,4,0,0,1000722,1
40305.799251,4,0,0,1000587,1
40311.348449,4,0,0,1000587,1
40327.238326,4,0,0,1000593,1
40338.479897,4,0,0,1000691,1
40356.414511,4,0,0,1000559,1
40361.470371,4,0,0,1000702,1
40371.884486,4,0,0,1000535,1
40378.313947,4,0,0,1000429,1
40391.734919,4,0,0,1000320,1
40405.852694,4,0,0,1000216,1
40406.830762,4,0,0,1000238,1
40407.797679,4,0,0,1000172,1
40408.902491,4,0,0,1000185,1
40413.977784,4,0,0,1000165,1
40415.749573,4,0,0,1000238,1
40429.449885,4,0,0,1000179,1
40431.879819,4,0,0,1000111,1
40433.304197,4,0,0,1000094,1
40434.310059,4,0,0,1000043,1
40436.958200,4,0,0,1000013,1
40437.640052,4,0,0,999980,1
40448.758375,4,0,0,999725,1
40458.111497,4,0,0,999784,1
40467.370909,4,0,0,999693,1
40491.970492,4,0,0,999588,1
40493.670755,4,0,0,999518,1
40495.177436,4,0,0,999537,1
40495.641144,4,0,0,999531,1
40495.688058,4,0,0,999513,1
40503.538669,4,0,0,999321,1
40505.251063,4,0,0,999336,1
40512.149941,4,0,0,999223,1
40512.740241,4,0,0,999275,1
40515.804912,4,0,0,999214,1
40516.330508,4,0,0,999180,1
40516.905210,4,0,0,999142,1
40528.715539,4,0,0,999550,1
40529.991810,4,0,0,999612,1
40537.465046,4,0,0,999347,1
40542.014257,4,0,0,999189,1
40545.666241,4,0,0,999253,1
40545.825419,4,0,0,999244,1
40547.166032,4,0,0,999223,1
40548.384710,4,0,0,999198,1
40555.728002,4,0,0,999407,1
40559.271988,4,0,0,999363,1
40559.663794,4,0,0,999391,1
40561.195009,4,0,0,999384,1
40567.411467,4,0,0,999704,1
40573.579927,4,0,0,999615,1
40574.932380,4,0,0,999614,1
40575.790932,4,0,0,999656,1
40578.340115,4,0,0,999554,1
40579.609711,4,0,0,999632,1
40583.043184,4,0,0,999493,1
40583.461573,4,0,0,999536,1
40586.194010,4,0,0,999546,1
40588.317828,4,0,0,999564,1
40607.037605,4,0,0,999169,1
40609.959310,4,0,0,999304,1
40612.924186,4,0,0,999305,1
40629.453928,4,0,0,999712,1
40631.826555,4,0,0,999662,1
40632.601501,4,0,0,999675,1
40633.688107,4,0,0,999686,1
40642.396832,4,0,0,999660,1
40650.436669,4,0,0,999905,1
40652.071241,4,0,0,999996,1
40655.807315,4,0,0,999800,1
40667.151725,4,0,0,999731,1
40672.983803,4,0,0,999752,1
40687.678068,4,0,0,999718,1
40689.041703,4,0,0,999669,1
40711.719997,4,0,0,999387,1
40712.256705,4,0,0,999400,1
40717.072196,4,0,0,999440,1
40717.181905,4,0,0,999441,1
40723.293226,4,0,0,999535,1
40723.363695,4,0,0,999533,1
40725.681296,4,0,0,999616,1
40731.274795,4,0,0,999680,1
40731.462238,4,0,0,999714,1
40732.235656,4,0,0,999670,1
40733.743010,4,0,0,999604,1
40734.639157,4,0,0,999591,1
40737.564870,4,0,0,999499,1
40737.973991,4,0,0,999554,1
40743.739170,4,0,0,999343,1
40751.428152,4,0,0,999441,1
40756.148562,4,0,0,999517,1
40761.218980,4,0,0,999657,1
40765.451358,4,0,0,999425,1
40768.041503,4,0,0,999482,1
40768.359640,4,0,0,999455,1
40776.222440,4,0,0,999473,1
40790.286714,4,0,0,999366,1
40794.662914,4,0,0,999158,1
40800.302699,4,0,0,999422,1
40802.980573,4,0,0,999449,1
40806.510006,4,0,0,999496,1
40812.688312,4,0,0,999275,1
40813.548201,4,0,0,999256,1
40818.817154,4,0,0,999438,1
40822.479767,4,0,0,999432,1
40823.888144,4,0,0,999447,1
40834.047238,4,0,0,999264,1
40869.705423,4,0,0,999008,1
40871.871258,4,0,0,999006,1
40873.413440,4,0,0,998986,1
40877.002007,4,0,0,998913,1
40883.702954,4,0,0,998915,1
40890.735312,4,0,0,998790,1
40892.661886,4,0,0,998887,1
40895.955201,4,0,0,998860,1
40895.972587,4,0,0,998865,1
40897.021179,4,0,0,998865,1
40899.596650,4,0,0,998824,1
40901.087214,4,0,0,998806,1
40908.793698,4,0,0,998801,1
40912.983098,4,0,0,998790,1
40922.821980,4,0,0,998846,1
40927.090026,4,0,0,998852,1
40935.984791,4,0,0,998823,1
40937.156537,4,0,0,998874,1
40944.478857,4,0,0,998861,1
40947.859202,4,0,0,998888,1
40949.461595,4,0,0,998911,1
40949.641887,4,0,0,998866,1
40954.651348,4,0,0,999012,1
40956.024891,4,0,0,999077,1
40971.998881,4,0,0,998978,1
40972.442710,4,0,0,998957,1
40980.754087,4,0,0,998667,1
40983.023962,4,0,0,998688,1
41004.296409,4,0,0,998562,1
41008.868981,4,0,0,998466,1
41019.404018,4,0,0,998325,1
41023.736956,4,0,0,998277,1
41026.763336,4,0,0,998384,1
41026.780480,4,0,0,998379,1
41032.634639,4,0,0,998614,1
41035.264916,4,0,0,998468,1
41037.936970,4,0,0,998385,1
41042.464911,4,0,0,998357,1
41043.825864,4,0,0,998247,1
41051.150470,4,0,0,998270,1
41054.747098,4,0,0,998263,1
41065.317203,4,0,0,998574,1
41071.060395,4,0,0,998733,1
41071.882539,4,0,0,998736,1
41077.729361,4,0,0,998577,1
41084.476079,4,0,0,998711,1
41088.710979,4,0,0,998707,1
41107.760751,4,0,0,998573,1
41109.301325,4,0,0,998550,1
41112.885221,4,0,0,998547,1
41122.914004,4,0,0,998287,1
41123.027791,4,0,0,998277,1
41126.317486,4,0,0,998308,1
41128.567311,4,0,0,998267,1
41135.382039,4,0,0,998221,1
41139.824234,4,0,0,998255,1
41142.329795,4,0,0,998348,1
41148.922568,4,0,0,998420,1
41150.621715,4,0,0,998419,1
41155.596812,4,0,0,998253,1
41155.886539,4,0,0,998233,1
41159.023443,4,0,0,998322,1
41160.665029,4,0,0,998359,1
41163.063682,4,0,0,998387,1
41171.137148,4,0,0,998534,1
41178.485824,4,0,0,998537,1
41181.317736,4,0,0,998570,1
41184.281353,4,0,0,998644,1
41191.746617,4,0,0,998971,1
41194.626414,4,0,0,999090,1
41196.967753,4,0,0,999104,1
41197.012075,4,0,0,999105,1
41207.313110,4,0,0,999173,1
41208.552903,4,0,0,999227,1
41209.884479,4,0,0,999219,1
41211.109950,4,0,0,999309,1
41223.143412,4,0,0,999221,1
41224.675055,4,0,0,999321,1
41224.909233,4,0,0,999334,1
41240.615393,4,0,0,999629,1
41246.080212,4,0,0,999773,1
41246.737921,4,0,0,999763,1
41249.625369,4,0,0,999713,1
41250.785855,4,0,0,999594,1
41253.510129,4,0,0,999592,1
41255.546176,4,0,0,999560,1
41258.486326,4,0,0,999618,1
41260.238961,4,0,0,999610,1
41264.345993,4,0,0,999878,1
41272.849965,4,0,0,999851,1
41276.124991,4,0,0,999862,1
41279.920249,4,0,0,999918,1
41286.237689,4,0,0,999744,1
41286.818568,4,0,0,999739,1
41292.875958,4,0,0,999585,1
41312.403226,4,0,0,999313,1
41313.091853,4,0,0,999299,1
41313.302821,4,0,0,999329,1
41335.284571,4,0,0,998974,1
41336.235567,4,0,0,999071,1
41338.676795,4,0,0,999102,1
41343.375445,4,0,0,999120,1
41345.827488,4,0,0,999133,1
41363.321703,4,0,0,999344,1
41364.934844,4,0,0,999329,1
41367.072548,4,0,0,999368,1
41367.839739,4,0,0,999399,1
41378.958166,4,0,0,999361,1
41383.077227,4,0,0,999312,1
41385.617226,4,0,0,999289,1
41391.022859,4,0,0,999159,1
41395.994022,4,0,0,999119,1
41405.328740,4,0,0,999013,1
41406.582625,4,0,0,999095,1
41417.546348,4,0,0,999024,1
41418.787973,4,0,0,998994,1
41419.567200,4,0,0,998988,1
41431.391104,4,0,0,998788,1
41436.086658,4,0,0,998651,1
41456.048292,4,0,0,998819,1
41465.793415,4,0,0,998712,1
41466.944674,4,0,0,998664,1
41471.963614,4,0,0,998557,1
41480.734833,4,0,0,998667,1
41489.669035,4,0,0,998506,1
41495.548084,4,0,0,998431,1
41500.407767,4,0,0,998467,1
41506.159218,4,0,0,998408,1
41507.528151,4,0,0,998268,1
41510.346977,4,0,0,998259,1
41518.056785,4,0,0,998415,1
41523.714129,4,0,0,998546,1
41524.463347,4,0,0,998524,1
41528.517913,4,0,0,998481,1
41534.374240,4,0,0,998564,1
41544.468847,4,0,0,998836,1
41550.778245,4,0,0,998709,1
41555.126397,4,0,0,998648,1
41564.216227,4,0,0,998617,1
41564.511426,4,0,0,998612,1
41568.761967,4,0,0,998563,1
41572.716291,4,0,0,998740,1
41575.965962,4,0,0,998703,1
41585.471084,4,0,0,998974,1
41590.884099,4,0,0,998870,1
41594.550385,4,0,0,998954,1
41596.164757,4,0,0,998874,1
41596.600756,4,0,0,998885,1
41596.625578,4,0,0,998883,1
41605.394845,4,0,0,998970,1
41607.220582,4,0,0,999041,1
41610.433517,4,0,0,999036,1
41613.129502,4,0,0,998926,1
41620.546584,4,0,0,998981,1
41622.029248,4,0,0,998956,1
41623.332037,4,0,0,998837,1
41623.590522,4,0,0,998818,1
41632.435725,4,0,0,998972,1
41653.884597,4,0,0,999030,1
41655.574300,4,0,0,999070,1
41660.185082,4,0,0,998975,1
41662.592601,4,0,0,998955,1
41667.379036,4,0,0,998989,1
41667.987682,4,0,0,998976,1
41668.832153,4,0,0,998958,1
41670.361369,4,0,0,998958,1
41670.535013,4,0,0,998930,1
41670.846503,4,0,0,998964,1
41676.889738,4,0,0,998982,1
41683.045008,4,0,0,999083,1
41689.229611,4,0,0,999352,1
41691.144704,4,0,0,999474,1
41696.232166,4,0,0,999591,1
41696.745062,4,0,0,999541,1
41699.989379,4,0,0,999608,1
41713.949372,4,0,0,999748,1
41717.000812,4,0,0,999615,1
41718.801747,4,0,0,999646,1
41750.269868,4,0,0,999711,1
41752.008392,4,0,0,999630,1
41753.839385,4,0,0,999610,1
41763.515926,4,0,0,999629,1
41785.353596,4,0,0,999659,1
41787.852344,4,0,0,999733,1
41788.134376,4,0,0,999704,1
41790.263618,4,0,0,999711,1
41793.409869,4,0,0,999702,1
41801.710491,4,0,0,999781,1
41802.078383,4,0,0,999784,1
41808.439440,4,0,0,1000063,1
41809.863086,4,0,0,1000088,1
41812.177478,4,0,0,999931,1
41813.111856,4,0,0,999930,1
41813.187488,4,0,0,999938,1
41814.556403,4,0,0,999932,1
41816.908630,4,0,0,999943,1
41819.196681,4,0,0,999951,1
41819.413711,4,0,0,999933,1
41821.376021,4,0,0,999949,1
41826.641890,4,0,0,999833,1
41830.802733,4,0,0,999734,1
41831.204585,4,0,0,999719,1
41840.627621,4,0,0,999523,1
41842.320222,4,0,0,999511,1
41848.671977,4,0,0,999567,1
41852.730147,4,0,0,999474,1
41856.106870,4,0,0,999458,1
41861.706902,4,0,0,999580,1
41866.969070,4,0,0,999674,1
41872.225560,4,0,0,999727,1
41884.748345,4,0,0,999556,1
41884.990701,4,0,0,999566,1
41888.810581,4,0,0,999580,1
41889.418750,4,0,0,999642,1
41899.797179,4,0,0,999781,1
41914.486079,4,0,0,999767,1
41917.458667,4,0,0,999663,1
41921.051959,4,0,0,999821,1
41922.026030,4,0,0,999815,1
41922.854823,4,0,0,999739,1
41923.230210,4,0,0,999719,1
41923.571545,4,0,0,999713,1
41938.151834,4,0,0,1000131,1
41938.890254,4,0,0,1000137,1
41939.462482,4,0,0,1000088,1
41944.563500,4,0,0,1000072,1
41950.873788,4,0,0,1000188,1
41951.657888,4,0,0,1000279,1
41954.008142,4,0,0,1000476,1
41954.388895,4,0,0,1000484,1
41959.006884,4,0,0,1000412,1
41962.775251,4,0,0,1000432,1
41973.958503,4,0,0,1000534,1
41995.891463,4,0,0,1000606,1
42000.389331,4,0,0,1000667,1
42014.938597,4,0,0,1000369,1
42020.504712,4,0,0,1000493,1
42023.294175,4,0,0,1000373,1
42023.794363,4,0,0,1000425,1
42024.235042,4,0,0,1000419,1
42024.402680,4,0,0,1000391,1
42024.877048,4,0,0,1000427,1
42041.424586,4,0,0,1000213,1
42044.258550,4,0,0,1000182,1
42049.504256,4,0,0,1000222,1
42050.931739,4,0,0,1000315,1
42054.423402,4,0,0,1000377,1
42059.413887,4,0,0,1000337,1
42063.281846,4,0,0,1000412,1
42064.479535,4,0,0,1000415,1
42065.880026,4,0,0,1000391,1
42070.299592,4,0,0,1000461,1
42074.140962,4,0,0,1000523,1
42078.156903,4,0,0,1000496,1
42088.391562,4,0,0,1000558,1
42089.659658,4,0,0,1000532,1
42090.842728,4,0,0,1000637,1
42092.761814,4,0,0,1000530,1
42094.907466,4,0,0,1000474,1
42096.595277,4,0,0,1000325,1
42099.137984,4,0,0,1000456,1
42099.179495,4,0,0,1000465,1
42102.533346,4,0,0,1000467,1
42108.588023,4,0,0,1000427,1
42108.955968,4,0,0,1000459,1
42115.703925,4,0,0,1000341,1
42115.916364,4,0,0,1000358,1
42130.080709,4,0,0,999819,1
42133.261203,4,0,0,999782,1
42134.253478,4,0,0,999806,1
42136.487089,4,0,0,999833,1
42139.897310,4,0,0,999859,1
42145.087446,4,0,0,1000104,1
42147.250946,4,0,0,1000082,1
42149.860985,4,0,0,1000181,1
42159.194371,4,0,0,999957,1
42159.882694,4,0,0,999974,1
42164.528044,4,0,0,1000144,1
42164.591260,4,0,0,1000138,1
42168.812402,4,0,0,1000089,1
42172.518952,4,0,0,999956,1
42173.590835,4,0,0,999901,1
42175.318978,4,0,0,999883,1
42179.786192,4,0,0,999960,1
42185.415908,4,0,0,999857,1
42190.202396,4,0,0,999999,1
42191.360703,4,0,0,1000060,1
42193.675819,4,0,0,1000017,1
42194.208935,4,0,0,999985,1
42194.434447,4,0,0,999952,1
42196.435403,4,0,0,999936,1
42201.413220,4,0,0,999973,1
42206.413808,4,0,0,1000004,1
42208.188777,4,0,0,999994,1
42209.054909,4,0,0,999931,1
42217.443866,4,0,0,999949,1
42230.780117,4,0,0,999940,1
42233.179860,4,0,0,999999,1
42239.846652,4,0,0,1000033,1
42241.127758,4,0,0,1000003,1
42242.051369,4,0,0,1000085,1
42242.741847,4,0,0,1000090,1
42243.271435,4,0,0,1000009,1
42245.245072,4,0,0,1000137,1
42245.533531,4,0,0,1000163,1
42257.531142,4,0,0,999891,1
42257.795937,4,0,0,999871,1
42258.087549,4,0,0,999846,1
42259.416578,4,0,0,999733,1
42263.797129,4,0,0,999716,1
42266.520791,4,0,0,999706,1
42270.150853,4,0,0,999676,1
42277.846355,4,0,0,999802,1
42285.989680,4,0,0,999818,1
42295.482095,4,0,0,999544,1
42301.719884,4,0,0,999599,1
42302.229997,4,0,0,999612,1
42302.729166,4,0,0,999598,1
42306.216627,4,0,0,999545,1
42311.206807,4,0,0,999772,1
42321.613446,4,0,0,1000119,1
42322.222909,4,0,0,1000130,1
42326.928077,4,0,0,1000144,1
42334.415271,4,0,0,1000071,1
42342.580716,4,0,0,1000087,1
42353.551678,4,0,0,999899,1
42355.742950,4,0,0,1000010,1
42363.333443,4,0,0,1000112,1
42364.493391,4,0,0,1000052,1
42374.014302,4,0,0,1000103,1
42393.106531,4,0,0,1000077,1
42395.222330,4,0,0,1000036,1
42406.762860,4,0,0,999915,1
42408.039351,4,0,0,999985,1
42413.661815,4,0,0,999930,1
42418.878295,4,0,0,999830,1
42423.937239,4,0,0,999858,1
42427.180626,4,0,0,999795,1
42430.790808,4,0,0,999888,1
42441.316324,4,0,0,999736,1
42441.953063,4,0,0,999740,1
42443.301596,4,0,0,999705,1
42443.326272,4,0,0,999708,1
42464.662250,4,0,0,999879,1
42469.100858,4,0,0,999999,1
42477.077965,4,0,0,1000034,1
42477.278480,4,0,0,1000002,1
42478.387543,4,0,0,1000082,1
42486.019578,4,0,0,999993,1
42488.014948,4,0,0,1000088,1
42493.771438,4,0,0,1000156,1
42495.313873,4,0,0,1000150,1
42496.280401,4,0,0,1000184,1
42511.600457,4,0,0,1000016,1
42518.595614,4,0,0,1000011,1
42525.861275,4,0,0,1000093,1
42526.686927,4,0,0,1000143,1
42526.974462,4,0,0,1000097,1
42527.720986,4,0,0,1000138,1
42531.598597,4,0,0,1000168,1
42532.625169,4,0,0,1000158,1
42542.089082,4,0,0,999663,1
42544.893576,4,0,0,999649,1
42545.308408,4,0,0,999602,1
42571.162658,4,0,0,999482,1
42571.776714,4,0,0,999448,1
42573.956463,4,0,0,999286,1
42574.646134,4,0,0,999311,1
42577.112109,4,0,0,999278,1
42578.482121,4,0,0,999348,1
42578.700433,4,0,0,999331,1
42584.173733,4,0,0,999095,1
42613.028467,4,0,0,998998,1
42613.672276,4,0,0,999035,1
42615.603949,4,0,0,999125,1
42619.573866,4,0,0,999328,1
42620.883377,4,0,0,999332,1
42622.232757,4,0,0,999335,1
42622.995407,4,0,0,999250,1
42627.364682,4,0,0,999402,1
42628.144689,4,0,0,999445,1
42629.554463,4,0,0,999445,1
42632.632368,4,0,0,999557,1
42636.412527,4,0,0,999399,1
42637.469705,4,0,0,999412,1
42643.558283,4,0,0,999314,1
42645.671174,4,0,0,999411,1
42646.849028,4,0,0,999435,1
42648.460938,4,0,0,999451,1
42652.703514,4,0,0,999491,1
42655.662790,4,0,0,999396,1
42657.913390,4,0,0,999344,1
42661.946435,4,0,0,999245,1
42666.358109,4,0,0,999375,1
42667.834524,4,0,0,999443,1
42683.196037,4,0,0,999490,1
42683.706923,4,0,0,999476,1
42684.786730,4,0,0,999512,1
42685.574128,4,0,0,999467,1
42685.716542,4,0,0,999467,1
42687.183327,4,0,0,999467,1
42688.103462,4,0,0,999437,1
42688.308879,4,0,0,999437,1
42689.052983,4,0,0,999440,1
42698.734104,4,0,0,999684,1
42705.425216,4,0,0,999426,1
42708.059213,4,0,0,999413,1
42716.847443,4,0,0,999427,1
42718.639240,4,0,0,999355,1
42722.989901,4,0,0,999366,1
42726.261712,4,0,0,999333,1
42729.448553,4,0,0,999146,1
42729.750828,4,0,0,999181,1
42758.490130,4,0,0,999165,1
42759.475181,4,0,0,999133,1
42761.039689,4,0,0,999128,1
42766.120745,4,0,0,999291,1
42766.230106,4,0,0,999268,1
42767.980514,4,0,0,999320,1
42770.187000,4,0,0,999319,1
42774.802878,4,0,0,999343,1
42775.190276,4,0,0,999330,1
42775.707521,4,0,0,999333,1
42779.275629,4,0,0,999304,1
42787.384348,4,0,0,999433,1
42789.039985,4,0,0,999437,1
42792.614270,4,0,0,999348,1
42795.926244,4,0,0,999447,1
42802.944829,4,0,0,999394,1
42824.995973,4,0,0,999391,1
42825.662302,4,0,0,999361,1
42828.494735,4,0,0,999298,1
42833.645762,4,0,0,999296,1
42840.807895,4,0,0,999280,1
42851.706517,4,0,0,999413,1
42858.037984,4,0,0,999432,1
42861.113459,4,0,0,999307,1
42871.804414,4,0,0,999425,1
42884.122617,4,0,0,999393,1
42884.888182,4,0,0,999373,1
42885.448567,4,0,0,999390,1
42887.991324,4,0,0,999226,1
42891.931965,4,0,0,999446,1
42905.133491,4,0,0,999375,1
42915.810488,4,0,0,999225,1
42921.222696,4,0,0,999144,1
42921.516079,4,0,0,999150,1
42922.455680,4,0,0,999121,1
42922.787712,4,0,0,999176,1
42923.260108,4,0,0,999119,1
42925.765268,4,0,0,999069,1
42930.067085,4,0,0,999043,1
42930.995875,4,0,0,999063,1
42935.274463,4,0,0,999230,1
42952.950186,4,0,0,999457,1
42955.489820,4,0,0,999609,1
42967.763351,4,0,0,999609,1
42967.858558,4,0,0,999609,1
42973.421152,4,0,0,999734,1
42974.677999,4,0,0,999718,1
42974.798818,4,0,0,999682,1
42979.862416,4,0,0,999418,1
42987.856187,4,0,0,999549,1
42990.195481,4,0,0,999615,1
42995.611769,4,0,0,999620,1
42996.086069,4,0,0,999584,1
43006.249383,4,0,0,999344,1
43006.726934,4,0,0,999350,1
43007.642412,4,0,0,999249,1
43010.174843,4,0,0,999194,1
43010.922216,4,0,0,999170,1
43015.976317,4,0,0,999340,1
43018.446495,4,0,0,999355,1
43022.515568,4,0,0,999379,1
43024.302324,4,0,0,999446,1
43031.209750,4,0,0,999359,1
43036.219843,4,0,0,999469,1
43036.688229,4,0,0,999462,1
43057.041123,4,0,0,999432,1
43060.712660,4,0,0,999521,1
43063.022550,4,0,0,999553,1
43066.804765,4,0,0,999539,1
43067.346144,4,0,0,999581,1
43069.322385,4,0,0,999601,1
43072.198814,4,0,0,999556,1
43075.721379,4,0,0,999654,1
43080.645133,4,0,0,999556,1
43082.665120,4,0,0,999710,1
43082.667452,4,0,0,999710,1
43084.341812,4,0,0,999710,1
43088.213953,4,0,0,999591,1
43094.863160,4,0,0,999626,1
43097.586304,4,0,0,999656,1
43114.875602,4,0,0,999519,1
43117.044593,4,0,0,999519,1
43118.906625,4,0,0,999483,1
43120.425261,4,0,0,999499,1
43137.171079,4,0,0,999598,1
43146.649164,4,0,0,999704,1
43146.727843,4,0,0,999697,1
43149.621327,4,0,0,999620,1
43152.866494,4,0,0,999570,1
43153.225262,4,0,0,999561,1
43158.967500,4,0,0,999577,1
43161.102016,4,0,0,999578,1
43171.237385,4,0,0,999785,1
43173.316712,4,0,0,999666,1
43173.478663,4,0,0,999707,1
43176.604918,4,0,0,999797,1
43179.080748,4,0,0,999872,1
43179.189851,4,0,0,999864,1
43179.877531,4,0,0,999740,1
43189.711046,4,0,0,999561,1
43203.547229,4,0,0,999628,1
43205.299961,4,0,0,999733,1
43205.360389,4,0,0,999747,1
43209.470817,4,0,0,999773,1
43212.299366,4,0,0,999856,1
43223.316977,4,0,0,999943,1
43239.626118,4,0,0,999957,1
43241.400062,4,0,0,999964,1
43251.460523,4,0,0,999835,1
43258.897089,4,0,0,999711,1
43262.769462,4,0,0,999806,1
43265.278385,4,0,0,999797,1
43267.331533,4,0,0,999850,1
43275.254615,4,0,0,999774,1
43277.310990,4,0,0,999820,1
43280.186800,4,0,0,999808,1
43280.643660,4,0,0,999744,1
43286.092781,4,0,0,999751,1
43287.594301,4,0,0,999709,1
43289.091094,4,0,0,999774,1
43296.813933,4,0,0,999898,1
43299.067338,4,0,0,999836,1
43304.224556,4,0,0,999833,1
43306.947283,4,0,0,999793,1
43309.531442,4,0,0,999904,1
43311.639193,4,0,0,999935,1
43313.379046,4,0,0,999929,1
43316.409899,4,0,0,999837,1
43327.735780,4,0,0,999500,1
43328.757805,4,0,0,999606,1
43334.615696,4,0,0,999651,1
43334.693327,4,0,0,999639,1
43335.631839,4,0,0,999721,1
43345.702836,4,0,0,999793,1
43349.838225,4,0,0,999828,1
43354.385984,4,0,0,999898,1
43355.359141,4,0,0,999922,1
43358.835283,4,0,0,1000115,1
43361.920671,4,0,0,1000241,1
43372.429618,4,0,0,1000128,1
43374.032959,4,0,0,1000210,1
43374.686522,4,0,0,1000173,1
43376.105940,4,0,0,1000196,1
43379.343837,4,0,0,1000251,1
43385.388060,4,0,0,1000133,1
43385.910659,4,0,0,1000090,1
43387.265360,4,0,0,1000082,1
43387.970306,4,0,0,1000082,1
43396.755905,4,0,0,1000354,1
43400.964802,4,0,0,1000302,1
43403.977199,4,0,0,1000331,1
43420.139581,4,0,0,1000836,1
43422.534758,4,0,0,1000884,1
43424.110841,4,0,0,1000784,1
43429.551291,4,0,0,1000619,1
43437.734573,4,0,0,1000605,1
43447.126013,4,0,0,1000447,1
43451.780666,4,0,0,1000440,1
43471.450842,4,0,0,1000502,1
43474.610032,4,0,0,1000467,1
43478.972161,4,0,0,1000465,1
43482.631653,4,0,0,1000375,1
43486.297395,4,0,0,1000388,1
43494.066846,4,0,0,1000160,1
43510.377915,4,0,0,1000209,1
43514.868729,4,0,0,1000164,1
43517.643880,4,0,0,1000095,1
43528.182576,4,0,0,1000069,1
43530.814911,4,0,0,1000000,1
43537.093423,4,0,0,1000250,1
43537.633294,4,0,0,1000245,1
43538.629099,4,0,0,1000267,1
43542.768009,4,0,0,1000105,1
43549.008554,4,0,0,1000336,1
43549.139802,4,0,0,1000316,1
43556.941928,4,0,0,1000497,1
43561.678154,4,0,0,1000264,1
43566.759767,4,0,0,1000398,1
43567.167064,4,0,0,1000392,1
43569.092274,4,0,0,1000369,1
43572.384616,4,0,0,1000365,1
43574.456923,4,0,0,1000357,1
43583.526701,4,0,0,1000424,1
43584.984696,4,0,0,1000484,1
43589.205445,4,0,0,1000657,1
43592.477371,4,0,0,1000604,1
43592.491790,4,0,0,1000604,1
43596.487354,4,0,0,1000545,1
43597.632547,4,0,0,1000551,1
43616.820773,4,0,0,1000567,1
43623.661136,4,0,0,1000711,1
43624.064193,4,0,0,1000666,1
43625.352878,4,0,0,1000674,1
43629.836533,4,0,0,1000662,1
43630.710070,4,0,0,1000706,1
43633.646666,4,0,0,1000649,1
43641.699013,4,0,0,1000572,1
43641.861455,4,0,0,1000584,1
43644.435881,4,0,0,1000627,1
43645.405284,4,0,0,1000659,1
43647.550721,4,0,0,1000667,1
43652.118100,4,0,0,1000677,1
43655.767986,4,0,0,1000697,1
43661.182109,4,0,0,1000744,1
43670.213207,4,0,0,1000701,1
43670.611000,4,0,0,1000732,1
43670.850757,4,0,0,1000750,1
43677.100683,4,0,0,1000864,1
43678.479672,4,0,0,1000878,1
43691.741050,4,0,0,1000501,1
43700.562862,4,0,0,1000446,1
43709.871410,4,0,0,1000645,1
43712.339879,4,0,0,1000606,1
43722.274202,4,0,0,1000486,1
43730.652586,4,0,0,1000461,1
43737.291350,4,0,0,1000435,1
43737.722727,4,0,0,1000370,1
43739.373452,4,0,0,1000440,1
43740.193777,4,0,0,1000388,1
43742.683105,4,0,0,1000277,1
43743.322786,4,0,0,1000354,1
43745.059793,4,0,0,1000289,1
43747.633862,4,0,0,1000292,1
43754.541260,4,0,0,1000378,1
43756.908355,4,0,0,1000211,1
43757.159428,4,0,0,1000191,1
43757.952545,4,0,0,1000146,1
43758.254398,4,0,0,1000100,1
43760.186652,4,0,0,1000149,1
43762.201465,4,0,0,1000167,1
43763.390581,4,0,0,1000127,1
43770.388086,4,0,0,1000079,1
43771.852757,4,0,0,1000028,1
43773.454058,4,0,0,1000123,1
43774.682059,4,0,0,1000167,1
43780.007417,4,0,0,1000268,1
43785.413918,4,0,0,1000290,1
43785.900442,4,0,0,1000309,1
43788.283579,4,0,0,1000331,1
43791.376232,4,0,0,1000218,1
43801.115995,4,0,0,1000403,1
43803.996679,4,0,0,1000435,1
43806.029584,4,0,0,1000485,1
43814.175666,4,0,0,1000368,1
43823.219644,4,0,0,1000075,1
43824.630288,4,0,0,1000017,1
43827.067181,4,0,0,1000071,1
43832.239797,4,0,0,1000343,1
43834.176706,4,0,0,1000252,1
43834.595541,4,0,0,1000221,1
43834.922100,4,0,0,1000230,1
43836.863528,4,0,0,1000156,1
43839.699106,4,0,0,1000333,1
43845.718459,4,0,0,1000381,1
43848.234253,4,0,0,1000311,1
43853.539024,4,0,0,1000195,1
43855.028866,4,0,0,1000273,1
43860.117634,4,0,0,1000560,1
43860.192528,4,0,0,1000555,1
43876.564892,4,0,0,1000616,1
43877.637920,4,0,0,1000659,1
43887.530911,4,0,0,1000847,1
43895.511609,4,0,0,1000748,1
43900.769986,4,0,0,1000712,1
43901.748958,4,0,0,1000669,1
43904.905418,4,0,0,1000703,1
43905.711764,4,0,0,1000703,1
43913.591683,4,0,0,1000786,1
43923.831818,4,0,0,1000896,1
43932.714810,4,0,0,1001145,1
43933.288420,4,0,0,1001102,1
43943.822226,4,0,0,1000930,1
43946.681750,4,0,0,1000891,1
43948.851298,4,0,0,1000983,1
43952.962265,4,0,0,1000908,1
43962.989517,4,0,0,1001053,1
43964.017291,4,0,0,1001100,1
43969.885766,4,0,0,1001098,1
43978.900105,4,0,0,1000999,1
43979.775800,4,0,0,1000969,1
43980.436055,4,0,0,1000931,1
43981.605219,4,0,0,1000919,1
43982.606226,4,0,0,1000961,1
43985.918583,4,0,0,1000842,1
43996.939643,4,0,0,1000826,1
43997.664097,4,0,0,1000801,1
44001.315932,4,0,0,1000577,1
44010.189336,4,0,0,1000497,1
44014.898022,4,0,0,1000584,1
44018.678413,4,0,0,1000574,1
44022.941106,4,0,0,1000549,1
44028.009896,4,0,0,1000536,1
44032.697840,4,0,0,1000538,1
44034.141342,4,0,0,1000652,1
44035.717339,4,0,0,1000697,1
44040.173094,4,0,0,1000714,1
44046.752245,4,0,0,1000643,1
44046.916271,4,0,0,1000654,1
44047.002085,4,0,0,1000645,1
44057.426285,4,0,0,1000775,1
44063.240566,4,0,0,1000675,1
44075.541330,4,0,0,1000333,1
44078.162783,4,0,0,1000340,1
44079.081955,4,0,0,1000379,1
44088.495152,4,0,0,1000289,1
44097.320117,4,0,0,1000184,1
44098.835673,4,0,0,1000196,1
44104.526482,4,0,0,1000305,1
44105.105937,4,0,0,1000287,1
44113.150125,4,0,0,1000315,1
44117.275425,4,0,0,1000292,1
44132.279219,4,0,0,1000200,1
44135.848315,4,0,0,1000349,1
44140.711910,4,0,0,1000380,1
44154.920712,4,0,0,1000523,1
44155.374865,4,0,0,1000499,1
44158.679971,4,0,0,1000354,1
44160.577544,4,0,0,1000343,1
44163.107605,4,0,0,1000471,1
44177.478423,4,0,0,1000577,1
44185.376186,4,0,0,1000703,1
44195.851229,4,0,0,1000601,1
44200.436535,4,0,0,1000521,1
44200.905554,4,0,0,1000503,1
44202.533644,4,0,0,1000535,1
44204.108367,4,0,0,1000668,1
44205.223204,4,0,0,1000650,1
44207.584666,4,0,0,1000515,1
44220.457393,4,0,0,1000505,1
44222.217114,4,0,0,1000427,1
44224.843985,4,0,0,1000465,1
44225.394413,4,0,0,1000507,1
44231.200888,4,0,0,1000603,1
44237.925260,4,0,0,1000400,1
44238.769625,4,0,0,1000369,1
44243.877174,4,0,0,1000262,1
44248.937640,4,0,0,1000263,1
44263.433721,4,0,0,1000400,1
44267.871098,4,0,0,1000277,1
44273.554378,4,0,0,1000659,1
44274.362077,4,0,0,1000583,1
44277.465027,4,0,0,1000667,1
44280.625520,4,0,0,1000644,1
44287.257216,4,0,0,1000602,1
44289.864894,4,0,0,1000552,1
44291.522412,4,0,0,1000513,1
44296.514062,4,0,0,1000625,1
44299.683702,4,0,0,1000587,1
44300.596899,4,0,0,1000613,1
44304.215726,4,0,0,1000562,1
44315.052272,4,0,0,1000583,1
44317.835545,4,0,0,1000735,1
44321.403279,4,0,0,1000644,1
44324.919077,4,0,0,1000887,1
44325.352750,4,0,0,1000930,1
44330.486793,4,0,0,1000830,1
44342.874478,4,0,0,1000708,1
44347.810611,4,0,0,1000632,1
44358.238617,4,0,0,1000678,1
44364.344174,4,0,0,1000822,1
44368.942764,4,0,0,1000814,1
44370.851548,4,0,0,1000829,1
44375.541101,4,0,0,1000670,1
44377.809156,4,0,0,1000764,1
44410.218448,4,0,0,1000936,1
44416.079339,4,0,0,1000877,1
44417.108597,4,0,0,1000811,1
44420.076341,4,0,0,1000876,1
44428.746037,4,0,0,1000936,1
44442.196644,4,0,0,1000889,1
44443.869335,4,0,0,1000933,1
44449.732826,4,0,0,1001069,1
44458.022591,4,0,0,1000952,1
44458.866324,4,0,0,1000885,1
44459.593830,4,0,0,1000913,1
44459.700269,4,0,0,1000926,1
44464.041885,4,0,0,1000950,1
44470.186701,4,0,0,1001041,1
44470.296831,4,0,0,1001050,1
44478.383484,4,0,0,1000949,1
44488.505080,4,0,0,1000989,1
44490.392302,4,0,0,1001019,1
44490.512140,4,0,0,1001029,1
44494.529755,4,0,0,1001011,1
44501.707480,4,0,0,1001083,1
44509.204942,4,0,0,1001166,1
44509.897119,4,0,0,1001136,1
44522.920191,4,0,0,1001138,1
44533.690380,4,0,0,1001313,1
44535.015959,4,0,0,1001300,1
44540.479281,4,0,0,1001421,1
44543.404630,4,0,0,1001381,1
44545.798687,4,0,0,1001270,1
44547.395841,4,0,0,1001296,1
44547.441517,4,0,0,1001290,1
44552.192173,4,0,0,1001415,1
44557.523705,4,0,0,1001448,1
44577.335011,4,0,0,1001558,1
44581.047205,4,0,0,1001736,1
44583.855591,4,0,0,1001754,1
44587.307064,4,0,0,1001744,1
44598.627340,4,0,0,1001981,1
44607.810192,4,0,0,1001921,1
44610.207665,4,0,0,1001849,1
44616.446243,4,0,0,1001756,1
44617.708857,4,0,0,1001752,1
44620.936555,4,0,0,1001694,1
44623.699806,4,0,0,1001610,1
44632.931262,4,0,0,1001585,1
44645.500605,4,0,0,1001844,1
44652.506820,4,0,0,1001621,1
44662.185962,4,0,0,1001635,1
44667.240698,4,0,0,1001774,1
44670.745753,4,0,0,1001720,1
44679.082184,4,0,0,1001641,1
44681.687773,4,0,0,1001702,1
44685.774430,4,0,0,1001531,1
44687.021715,4,0,0,1001626,1
44689.683719,4,0,0,1001652,1
44696.174434,4,0,0,1001672,1
44697.380207,4,0,0,1001737,1
44699.863140,4,0,0,1001783,1
44702.344176,4,0,0,1001749,1
44703.069322,4,0,0,1001796,1
44704.271884,4,0,0,1001816,1
44710.558071,4,0,0,1001697,1
44715.655308,4,0,0,1001828,1
44721.103446,4,0,0,1002029,1
44722.054973,4,0,0,1002002,1
44723.732528,4,0,0,1002057,1
44724.211801,4,0,0,1002082,1
44736.060305,4,0,0,1001972,1
44738.929481,4,0,0,1001902,1
44739.986901,4,0,0,1001871,1
44747.904950,4,0,0,1001807,1
44757.424787,4,0,0,1001750,1
44758.403108,4,0,0,1001778,1
44761.383991,4,0,0,1001685,1
44763.132594,4,0,0,1001704,1
44778.365364,4,0,0,1001855,1
44783.237807,4,0,0,1001849,1
44794.337929,4,0,0,1001699,1
44800.323491,4,0,0,1001504,1
44803.043245,4,0,0,1001457,1
44805.125152,4,0,0,1001361,1
44808.506752,4,0,0,1001338,1
44812.659592,4,0,0,1001344,1
44817.724187,4,0,0,1001477,1
44820.128021,4,0,0,1001456,1
44821.798105,4,0,0,1001449,1
44838.511197,4,0,0,1001548,1
44844.442533,4,0,0,1001467,1
44845.381162,4,0,0,1001418,1
44845.865752,4,0,0,1001421,1
44848.001456,4,0,0,1001522,1
44850.731795,4,0,0,1001691,1
44851.760656,4,0,0,1001782,1
44852.327100,4,0,0,1001779,1
44853.828740,4,0,0,1001802,1
44888.932858,4,0,0,1001652,1
44890.126737,4,0,0,1001655,1
44910.732311,4,0,0,1002049,1
44920.670480,4,0,0,1002083,1
44922.866342,4,0,0,1002181,1
44924.406983,4,0,0,1002245,1
44927.842519,4,0,0,1002201,1
44935.352568,4,0,0,1002021,1
44944.697578,4,0,0,1002101,1
44945.398626,4,0,0,1002127,1
44946.768074,4,0,0,1002034,1
44950.492564,4,0,0,1002125,1
44954.192012,4,0,0,1001949,1
44959.891134,4,0,0,1001941,1
44973.845894,4,0,0,1002204,1
44978.162855,4,0,0,1002140,1
44978.379804,4,0,0,1002145,1
44983.610673,4,0,0,1002324,1
44985.854295,4,0,0,1002176,1
44987.132548,4,0,0,1002230,1
44992.531060,4,0,0,1002286,1
44994.539540,4,0,0,1002334,1
45009.737333,4,0,0,1002032,1
45010.691175,4,0,0,1002054,1
45012.053034,4,0,0,1001952,1
45014.395728,4,0,0,1001907,1
45022.124677,4,0,0,1001786,1
45028.453754,4,0,0,1002010,1
45028.545254,4,0,0,1002011,1
45033.005434,4,0,0,1001999,1
45033.551378,4,0,0,1001955,1
45040.841260,4,0,0,1002054,1
45042.529967,4,0,0,1002041,1
45058.076174,4,0,0,1002490,1
45067.314488,4,0,0,1002432,1
45068.786413,4,0,0,1002429,1
45072.496123,4,0,0,1002439,1
45073.012407,4,0,0,1002476,1
45079.864471,4,0,0,1002661,1
45080.680072,4,0,0,1002689,1
45081.832859,4,0,0,1002763,1
45107.583178,4,0,0,1002652,1
45108.638363,4,0,0,1002706,1
45122.652331,4,0,0,1002712,1
45129.608076,4,0,0,1002708,1
45134.934585,4,0,0,1002703,1
45134.997100,4,0,0,1002714,1
45136.389596,4,0,0,1002685,1
45137.485210,4,0,0,1002693,1
45141.317801,4,0,0,1002772,1
45143.767226,4,0,0,1002735,1
45150.101685,4,0,0,1002635,1
45154.645018,4,0,0,1002609,1
45161.685148,4,0,0,1002897,1
45161.894074,4,0,0,1002868,1
45161.919750,4,0,0,1002883,1
45175.311624,4,0,0,1002697,1
45178.115105,4,0,0,1002786,1
45181.246900,4,0,0,1002849,1
45181.663687,4,0,0,1002852,1
45187.110613,4,0,0,1002930,1
45206.522733,4,0,0,1002761,1
45214.071706,4,0,0,1002965,1
45219.250000,4,0,0,1002977,1
45223.539298,4,0,0,1002851,1
45225.472375,4,0,0,1002932,1
45234.755379,4,0,0,1003004,1
45235.166920,4,0,0,1002978,1
45236.520743,4,0,0,1002971,1
45248.163806,4,0,0,1002717,1
45248.834737,4,0,0,1002711,1
45249.367879,4,0,0,1002708,1
45252.662297,4,0,0,1002726,1
45255.636539,4,0,0,1002830,1
45258.158862,4,0,0,1002774,1
45259.450091,4,0,0,1002770,1
45260.209982,4,0,0,1002708,1
45260.920155,4,0,0,1002760,1
45263.250109,4,0,0,1002745,1
45266.151683,4,0,0,1002911,1
45267.502624,4,0,0,1002884,1
45276.744166,4,0,0,1002926,1
45278.712635,4,0,0,1002972,1
45285.638754,4,0,0,1003033,1
45288.637959,4,0,0,1003012,1
45290.573763,4,0,0,1002987,1
45296.637413,4,0,0,1003017,1
45301.727592,4,0,0,1003020,1
45305.085210,4,0,0,1003164,1
45310.520396,4,0,0,1002963,1
45310.950645,4,0,0,1002917,1
45328.141976,4,0,0,1002732,1
45329.894308,4,0,0,1002707,1
45333.256091,4,0,0,1002630,1
45338.037304,4,0,0,1002547,1
45343.722799,4,0,0,1002369,1
45352.325256,4,0,0,1002372,1
45355.621685,4,0,0,1002516,1
45359.322915,4,0,0,1002486,1
45360.709756,4,0,0,1002449,1
45367.037379,4,0,0,1002350,1
45369.147097,4,0,0,1002368,1
45375.565164,4,0,0,1002190,1
45386.806729,4,0,0,1002115,1
45388.021848,4,0,0,1002104,1
45400.079342,4,0,0,1002227,1
45400.944249,4,0,0,1002227,1
45405.490751,4,0,0,1002306,1
45406.674259,4,0,0,1002341,1
45408.377396,4,0,0,1002351,1
45413.690109,4,0,0,1002306,1
45419.210697,4,0,0,1002254,1
45419.630164,4,0,0,1002213,1
45425.880582,4,0,0,1002215,1
45427.041147,4,0,0,1002212,1
45432.618085,4,0,0,1002279,1
45434.042278,4,0,0,1002293,1
45447.269792,4,0,0,1002438,1
45450.289110,4,0,0,1002426,1
45450.513643,4,0,0,1002440,1
45463.896104,4,0,0,1002749,1
45464.345469,4,0,0,1002783,1
45471.436946,4,0,0,1002970,1
45474.892631,4,0,0,1002943,1
45478.062590,4,0,0,1002945,1
45479.897941,4,0,0,1002967,1
45492.092682,4,0,0,1002890,1
45507.336409,4,0,0,1002906,1
45507.991293,4,0,0,1002933,1
45511.569922,4,0,0,1002889,1
45511.909986,4,0,0,1002816,1
45512.504742,4,0,0,1002840,1
45512.646934,4,0,0,1002853,1
45517.090909,4,0,0,1002878,1
45524.554185,4,0,0,1002997,1
45524.732612,4,0,0,1002974,1
45528.621392,4,0,0,1002941,1
45531.108049,4,0,0,1002891,1
45531.396371,4,0,0,1002866,1
45534.089996,4,0,0,1002858,1
45541.752014,4,0,0,1002816,1
45544.886432,4,0,0,1002917,1
45549.627440,4,0,0,1002601,1
45551.125060,4,0,0,1002592,1
45573.493711,4,0,0,1002875,1
45576.259158,4,0,0,1002912,1
45580.549156,4,0,0,1002909,1
45580.696351,4,0,0,1002886,1
45590.666333,4,0,0,1002963,1
45592.822867,4,0,0,1003037,1
45593.332269,4,0,0,1003072,1
45596.864616,4,0,0,1002934,1
45598.774123,4,0,0,1002875,1
45598.789103,4,0,0,1002867,1
45600.995473,4,0,0,1003062,1
45609.590334,4,0,0,1002982,1
45609.898263,4,0,0,1002982,1
45612.979530,4,0,0,1003045,1
45616.123153,4,0,0,1002966,1
45616.459924,4,0,0,1002973,1
45628.496831,4,0,0,1002689,1
45631.133520,4,0,0,1002565,1
45632.233092,4,0,0,1002575,1
45635.818229,4,0,0,1002807,1
45638.082482,4,0,0,1002703,1
45650.097425,4,0,0,1002788,1
45658.416141,4,0,0,1003004,1
45658.642816,4,0,0,1003009,1
45666.813296,4,0,0,1003048,1
45667.773928,4,0,0,1003071,1
45678.246359,4,0,0,1002899,1
45678.864185,4,0,0,1002897,1
45679.235271,4,0,0,1002912,1
45679.888217,4,0,0,1002897,1
45683.567101,4,0,0,1002913,1
45686.560696,4,0,0,1002844,1
45687.329540,4,0,0,1002777,1
45689.354435,4,0,0,1002724,1
45694.001646,4,0,0,1002718,1
45694.412371,4,0,0,1002714,1
45710.185865,4,0,0,1002891,1
45710.302206,4,0,0,1002900,1
45733.869339,4,0,0,1002668,1
45740.435700,4,0,0,1002757,1
45745.742869,4,0,0,1002755,1
45748.566429,4,0,0,1002839,1
45751.157157,4,0,0,1002847,1
45752.792402,4,0,0,1002796,1
45763.295698,4,0,0,1002803,1
45764.563209,4,0,0,1002792,1
45769.056389,4,0,0,1002899,1
45774.315340,4,0,0,1002947,1
45777.613730,4,0,0,1003034,1
45783.402276,4,0,0,1003036,1
45793.484246,4,0,0,1003216,1
45796.832322,4,0,0,1003256,1
45798.788291,4,0,0,1003260,1
45801.888669,4,0,0,1003170,1
45802.421713,4,0,0,1003146,1
45802.453177,4,0,0,1003144,1
45806.130746,4,0,0,1002999,1
45808.612599,4,0,0,1003084,1
45812.106551,4,0,0,1003001,1
45823.947715,4,0,0,1002914,1
45825.835192,4,0,0,1002933,1
45828.110454,4,0,0,1003010,1
45830.090475,4,0,0,1003005,1
45833.527438,4,0,0,1002995,1
45834.838065,4,0,0,1002948,1
45835.831210,4,0,0,1003001,1
45839.500451,4,0,0,1003048,1
45846.759134,4,0,0,1003114,1
45856.794774,4,0,0,1003448,1
45861.011261,4,0,0,1003509,1
45868.462124,4,0,0,1003606,1
45870.147733,4,0,0,1003567,1
45871.145120,4,0,0,1003512,1
45871.750256,4,0,0,1003531,1
45876.918648,4,0,0,1003499,1
45886.082720,4,0,0,1003422,1
45895.374086,4,0,0,1003479,1
45898.239161,4,0,0,1003422,1
45898.694832,4,0,0,1003458,1
45899.221070,4,0,0,1003468,1
45899.716285,4,0,0,1003429,1
45905.687598,4,0,0,1003312,1
45907.359996,4,0,0,1003237,1
45913.775620,4,0,0,1002988,1
45916.993828,4,0,0,1002946,1
45922.080097,4,0,0,1002967,1
45936.638294,4,0,0,1003190,1
45946.772741,4,0,0,1003104,1
45947.576821,4,0,0,1003067,1
45950.905007,4,0,0,1002960,1
45950.922745,4,0,0,1002970,1
45955.897564,4,0,0,1003038,1
45966.312953,4,0,0,1003092,1
45973.494604,4,0,0,1003220,1
45976.755992,4,0,0,1003166,1
45977.022518,4,0,0,1003191,1
45982.848948,4,0,0,1003098,1
45983.302347,4,0,0,1003089,1
45992.357280,4,0,0,1002873,1
45998.752266,4,0,0,1002932,1
45999.555615,4,0,0,1002843,1
46001.458097,4,0,0,1002854,1
46013.779022,4,0,0,1002679,1
46013.859384,4,0,0,1002686,1
46015.591186,4,0,0,1002742,1
46016.052473,4,0,0,1002762,1
46019.599291,4,0,0,1002851,1
46048.609322,4,0,0,1002561,1
46050.805382,4,0,0,1002602,1
46055.224158,4,0,0,1002573,1
46055.711426,4,0,0,1002581,1
46066.190152,4,0,0,1002615,1
46070.160704,4,0,0,1002540,1
46074.864540,4,0,0,1002643,1
46076.739592,4,0,0,1002648,1
46085.192741,4,0,0,1002633,1
46088.377707,4,0,0,1002492,1
46091.364219,4,0,0,1002414,1
46098.018252,4,0,0,1002304,1
46101.880974,4,0,0,1002338,1
46106.045494,4,0,0,1002176,1
46115.333569,4,0,0,1002236,1
46120.640217,4,0,0,1002374,1
46128.920176,4,0,0,1002113,1
46140.675817,4,0,0,1002021,1
46147.837987,4,0,0,1002118,1
46161.292566,4,0,0,1002202,1
46162.347619,4,0,0,1002204,1
46163.681069,4,0,0,1002162,1
46165.196378,4,0,0,1002170,1
46168.054717,4,0,0,1002130,1
46178.696868,4,0,0,1002129,1
46178.729794,4,0,0,1001092,1
46180.142427,4,0,0,1001086,1
46188.470685,4,0,0,1001364,1
46190.900566,4,0,0,1001327,1
46204.056554,4,0,0,1001090,1
46207.421277,4,0,0,1001229,1
46209.078173,4,0,0,1001332,1
46216.352228,4,0,0,1001259,1
46218.183914,4,0,0,1001204,1
46219.649484,4,0,0,1001309,1
46226.358986,4,0,0,1001250,1
46226.504934,4,0,0,1001262,1
46229.527419,4,0,0,1001279,1
46233.746281,4,0,0,1001128,1
46241.079637,4,0,0,1001078,1
46241.709355,4,0,0,1000980,1
46244.721485,4,0,0,1000840,1
46245.968229,4,0,0,1000964,1
46259.623766,4,0,0,1000785,1
46263.376126,4,0,0,1000667,1
46266.301694,4,0,0,1000665,1
46266.931531,4,0,0,1000697,1
46272.175014,4,0,0,1000856,1
46276.103710,4,0,0,1000863,1
46282.309560,4,0,0,1000985,1
46292.761126,4,0,0,1001257,1
46298.516468,4,0,0,1001268,1
46303.638645,4,0,0,1001290,1
46307.321286,4,0,0,1001313,1
46309.651177,4,0,0,1001382,1
46316.058257,4,0,0,1001260,1
46328.178274,4,0,0,1001154,1
46328.734714,4,0,0,1001067,1
46330.762952,4,0,0,1001132,1
46336.829192,4,0,0,1001205,1
46346.618380,4,0,0,1001395,1
46352.914586,4,0,0,1001655,1
46354.497878,4,0,0,1001661,1
46356.346511,4,0,0,1001540,1
46359.696227,4,0,0,1001669,1
46359.707720,4,0,0,1001679,1
46362.538773,4,0,0,1001657,1
46368.204322,4,0,0,1001835,1
46372.543797,4,0,0,1001630,1
46375.983412,4,0,0,1001715,1
46377.524236,4,0,0,1001764,1
46381.794717,4,0,0,1001666,1
46384.943785,4,0,0,1001797,1
46385.984415,4,0,0,1001755,1
46389.100572,4,0,0,1001704,1
46389.679506,4,0,0,1001689,1
46390.332721,4,0,0,1001678,1
46397.747980,4,0,0,1001673,1
46398.245715,4,0,0,1001716,1
46401.557069,4,0,0,1001709,1
46402.901140,4,0,0,1001672,1
46406.441744,4,0,0,1001628,1
46406.915411,4,0,0,1001604,1
46413.314134,4,0,0,1001731,1
46415.938790,4,0,0,1001735,1
46416.380281,4,0,0,1001722,1
46421.295753,4,0,0,1001818,1
46424.066301,4,0,0,1001966,1
46438.310388,4,0,0,1001914,1
46440.366109,4,0,0,1002013,1
46444.585513,4,0,0,1001963,1
46447.242320,4,0,0,1002019,1
46452.680092,4,0,0,1002043,1
46454.705787,4,0,0,1002099,1
46455.372533,4,0,0,1002054,1
46468.732488,4,0,0,1001754,1
46468.966754,4,0,0,1001739,1
46469.809288,4,0,0,1001706,1
46473.677695,4,0,0,1001779,1
46476.135619,4,0,0,1001880,1
46476.554394,4,0,0,1001826,1
46477.967884,4,0,0,1001717,1
46478.092064,4,0,0,1001710,1
46480.129331,4,0,0,1001709,1
46488.744946,4,0,0,1001715,1
46493.776751,4,0,0,1001821,1
46503.546415,4,0,0,1001741,1
46503.903107,4,0,0,1001764,1
46506.573346,4,0,0,1001779,1
46512.526797,4,0,0,1001903,1
46512.767162,4,0,0,1001897,1
46515.340197,4,0,0,1001772,1
46523.647169,4,0,0,1001720,1
46533.662506,4,0,0,1001605,1
46535.544086,4,0,0,1001677,1
46540.411122,4,0,0,1001663,1
46541.630637,4,0,0,1001699,1
46553.327618,4,0,0,1001509,1
46554.992009,4,0,0,1001436,1
46562.605398,4,0,0,1001228,1
46570.765395,4,0,0,1001165,1
46571.908120,4,0,0,1001124,1
46580.053824,4,0,0,1000758,1
46587.092665,4,0,0,1000625,1
46596.031324,4,0,0,1000624,1
46605.310930,4,0,0,1000412,1
46617.490312,4,0,0,1000409,1
46623.439666,4,0,0,1000089,1
46633.271446,4,0,0,999991,1
46635.713347,4,0,0,1000070,1
46642.896178,4,0,0,1000011,1
46648.932325,4,0,0,999984,1
46650.835636,4,0,0,1000112,1
46654.357022,4,0,0,1000043,1
46662.067593,4,0,0,999912,1
46664.654137,4,0,0,999927,1
46665.481611,4,0,0,999837,1
46667.007584,4,0,0,999857,1
46688.540207,4,0,0,999783,1
46697.731244,4,0,0,999943,1
46698.349241,4,0,0,999960,1
46699.327008,4,0,0,999955,1
46703.316007,4,0,0,999953,1
46705.602702,4,0,0,999981,1
46706.673955,4,0,0,999859,1
46721.697473,4,0,0,999761,1
46723.613550,4,0,0,999774,1
46725.749922,4,0,0,999847,1
46735.658168,4,0,0,999744,1
46748.616277,4,0,0,1000028,1
46751.298028,4,0,0,1000133,1
46756.160595,4,0,0,1000112,1
46770.140312,4,0,0,999919,1
46773.778420,4,0,0,999926,1
46776.681904,4,0,0,999956,1
46778.935172,4,0,0,999840,1
46780.892668,4,0,0,999848,1
46783.339161,4,0,0,999869,1
46788.411688,4,0,0,999844,1
46799.718922,4,0,0,1000203,1
46801.492143,4,0,0,1000184,1
46802.114013,4,0,0,1000182,1
46808.024161,4,0,0,1000265,1
46810.343481,4,0,0,1000180,1
46817.245938,4,0,0,1000355,1
46823.564060,4,0,0,1000325,1
46836.535686,4,0,0,1000235,1
46841.676521,4,0,0,1000013,1
46842.643026,4,0,0,1000029,1
46846.712841,4,0,0,999971,1
46851.115295,4,0,0,999916,1
46859.359397,4,0,0,1000138,1
46860.532461,4,0,0,1000043,1
46867.105254,4,0,0,1000102,1
46869.799908,4,0,0,1000077,1
46871.955989,4,0,0,999955,1
46876.348236,4,0,0,999916,1
46879.949347,4,0,0,999888,1
46881.973889,4,0,0,1000013,1
46883.609765,4,0,0,999969,1
46884.035142,4,0,0,999974,1
46895.452285,4,0,0,999861,1
46895.614668,4,0,0,999874,1
46896.421852,4,0,0,999907,1
46897.155586,4,0,0,999908,1
46901.514762,4,0,0,999824,1
46905.119978,4,0,0,999722,1
46910.210762,4,0,0,999699,1
46910.755875,4,0,0,999586,1
46911.595429,4,0,0,999589,1
46913.026554,4,0,0,999649,1
46914.663356,4,0,0,999588,1
46918.561921,4,0,0,999672,1
46922.162906,4,0,0,999751,1
46929.763620,4,0,0,999663,1
46930.472336,4,0,0,999619,1
46936.882662,4,0,0,999753,1
46942.090069,4,0,0,999783,1
46943.968494,4,0,0,999760,1
46944.478769,4,0,0,999762,1
46955.086500,4,0,0,999569,1
46968.182512,4,0,0,999652,1
46973.432378,4,0,0,999558,1
46974.128427,4,0,0,999591,1
46988.981481,4,0,0,999311,1
46992.436146,4,0,0,999247,1
47001.953488,4,0,0,999309,1
47002.281076,4,0,0,999310,1
47011.228539,4,0,0,999593,1
47011.430275,4,0,0,999609,1
47017.129638,4,0,0,999690,1
47021.299587,4,0,0,999707,1
47023.080720,4,0,0,999705,1
47024.740288,4,0,0,999667,1
47032.456683,4,0,0,999611,1
47034.843287,4,0,0,999573,1
47035.144023,4,0,0,999569,1
47049.352375,4,0,0,999148,1
47056.594535,4,0,0,999029,1
47058.210638,4,0,0,999064,1
47061.571914,4,0,0,999125,1
47072.639320,4,0,0,999109,1
47073.917121,4,0,0,999091,1
47074.294883,4,0,0,999084,1
47075.407057,4,0,0,999085,1
47076.556899,4,0,0,999140,1
47079.089229,4,0,0,999122,1
47079.651157,4,0,0,999198,1
47079.786435,4,0,0,999177,1
47094.580409,4,0,0,999444,1
47096.100396,4,0,0,999440,1
47101.138678,4,0,0,999469,1
47101.353032,4,0,0,999458,1
47104.188187,4,0,0,999485,1
47107.256489,4,0,0,999481,1
47109.566550,4,0,0,999509,1
47124.423322,4,0,0,999631,1
47124.564699,4,0,0,999619,1
47133.997583,4,0,0,999506,1
47134.062273,4,0,0,999496,1
47136.924511,4,0,0,999434,1
47148.948907,4,0,0,999084,1
47149.806393,4,0,0,999167,1
47149.811233,4,0,0,999170,1
47151.433493,4,0,0,999223,1
47151.707614,4,0,0,999216,1
47157.524031,4,0,0,999377,1
47160.874113,4,0,0,999405,1
47165.275617,4,0,0,999441,1
47177.523695,4,0,0,999346,1
47185.479502,4,0,0,999168,1
47186.547741,4,0,0,999174,1
47194.304511,4,0,0,999136,1
47195.794401,4,0,0,999206,1
47197.822502,4,0,0,999142,1
47200.552895,4,0,0,999153,1
47212.587408,4,0,0,999153,1
47216.353791,4,0,0,999128,1
47217.339624,4,0,0,999222,1
47218.657300,4,0,0,999168,1
47229.270970,4,0,0,999256,1
47233.499142,4,0,0,999323,1
47239.107559,4,0,0,999274,1
47239.464107,4,0,0,999270,1
47239.854691,4,0,0,999296,1
47241.540844,4,0,0,999309,1
47245.334672,4,0,0,999359,1
47252.116892,4,0,0,999446,1
47268.126248,4,0,0,999548,1
47274.224590,4,0,0,999540,1
47287.552830,4,0,0,999520,1
47288.769557,4,0,0,999526,1
47290.102599,4,0,0,999548,1
47297.259165,4,0,0,999529,1
47300.335119,4,0,0,999663,1
47301.620726,4,0,0,999713,1
47305.790584,4,0,0,999684,1
47311.993666,4,0,0,999537,1
47313.159825,4,0,0,999565,1
47329.569600,4,0,0,999462,1
47331.246191,4,0,0,999363,1
47339.124980,4,0,0,999340,1
47340.577967,4,0,0,999366,1
47341.465266,4,0,0,999377,1
47346.455572,4,0,0,999133,1
47350.122784,4,0,0,999216,1
47351.683374,4,0,0,999187,1
47354.621370,4,0,0,999151,1
47355.363335,4,0,0,999178,1
47358.573212,4,0,0,999130,1
47366.682539,4,0,0,999195,1
47371.452142,4,0,0,999164,1
47373.117697,4,0,0,999187,1
47374.318928,4,0,0,998073,1
47377.591994,4,0,0,998019,1
47378.714756,4,0,0,998011,1
47380.369844,4,0,0,998045,1
47393.592640,4,0,0,997964,1
47397.020775,4,0,0,997960,1
47398.135008,4,0,0,997971,1
47398.193226,4,0,0,997985,1
47401.755457,4,0,0,997963,1
47404.981699,4,0,0,998051,1
47409.340427,4,0,0,998009,1
47411.248685,4,0,0,998017,1
47411.882264,4,0,0,998046,1
47412.952464,4,0,0,997997,1
47414.063939,4,0,0,997933,1
47415.142456,4,0,0,998014,1
47417.260181,4,0,0,997822,1
47426.088279,4,0,0,997697,1
47447.271483,4,0,0,998084,1
47452.954620,4,0,0,998159,1
47454.057579,4,0,0,998168,1
47462.103124,4,0,0,998237,1
47468.095591,4,0,0,998184,1
47471.579645,4,0,0,998139,1
47487.966654,4,0,0,998100,1
47488.046354,4,0,0,998079,1
47492.063471,4,0,0,998139,1
47495.143509,4,0,0,998228,1
47497.202998,4,0,0,998222,1
47503.389827,4,0,0,998254,1
47504.555493,4,0,0,998296,1
47505.724042,4,0,0,998354,1
47514.276745,4,0,0,998277,1
47518.495205,4,0,0,998319,1
47536.198269,4,0,0,998357,1
47538.417570,4,0,0,998496,1
47543.158620,4,0,0,998455,1
47545.222967,4,0,0,998508,1
47546.615735,4,0,0,998507,1
47555.556801,4,0,0,998597,1
47560.492896,4,0,0,998696,1
47561.919886,4,0,0,998669,1
47563.519418,4,0,0,998674,1
47575.503461,4,0,0,998711,1
47582.594856,4,0,0,998664,1
47587.813841,4,0,0,998720,1
47588.123504,4,0,0,998674,1
47589.090158,4,0,0,998639,1
47590.635789,4,0,0,998750,1
47592.910598,4,0,0,998727,1
47600.588225,4,0,0,998663,1
47606.855067,4,0,0,998734,1
47618.121878,4,0,0,998764,1
47622.891237,4,0,0,998893,1
47623.753755,4,0,0,998855,1
47630.375917,4,0,0,998869,1
47641.163983,4,0,0,999022,1
47647.712954,4,0,0,998940,1
47649.983012,4,0,0,998988,1
47663.188406,4,0,0,998857,1
47671.174451,4,0,0,998769,1
47678.324819,4,0,0,998802,1
47681.936121,4,0,0,998903,1
47682.234046,4,0,0,998881,1
47697.658101,4,0,0,999070,1
47699.203061,4,0,0,999090,1
47701.898662,4,0,0,999083,1
47711.180502,4,0,0,999094,1
47713.324345,4,0,0,999063,1
47721.814052,4,0,0,999353,1
47726.032960,4,0,0,999227,1
47727.246993,4,0,0,999117,1
47734.578602,4,0,0,998965,1
47736.640836,4,0,0,998960,1
47747.229622,4,0,0,999113,1
47753.375113,4,0,0,999251,1
47756.937663,4,0,0,999319,1
47762.732994,4,0,0,999299,1
47770.200738,4,0,0,999061,1
47773.381406,4,0,0,999079,1
47774.038206,4,0,0,999062,1
47776.172448,4,0,0,999059,1
47779.187457,4,0,0,999018,1
47779.475365,4,0,0,998965,1
47792.135158,4,0,0,999183,1
47792.432070,4,0,0,999158,1
47793.486159,4,0,0,999117,1
47795.275671,4,0,0,999093,1
47801.330767,4,0,0,999126,1
47816.130208,4,0,0,999267,1
47823.352482,4,0,0,999260,1
47826.474216,4,0,0,999207,1
47830.001204,4,0,0,999260,1
47831.357463,4,0,0,999237,1
47842.306202,4,0,0,999052,1
47857.347130,4,0,0,998693,1
47859.629369,4,0,0,998658,1
47866.997777,4,0,0,998668,1
47867.752530,4,0,0,998623,1
47868.248450,4,0,0,998618,1
47876.965613,4,0,0,998734,1
47878.550274,4,0,0,998640,1
47878.833019,4,0,0,998627,1
47885.535146,4,0,0,998596,1
47889.761148,4,0,0,998547,1
47892.332534,4,0,0,998541,1
47898.719853,4,0,0,998504,1
47910.634492,4,0,0,998622,1
47915.557410,4,0,0,998530,1
47922.878851,4,0,0,998402,1
47931.382120,4,0,0,998550,1
47933.685560,4,0,0,998613,1
47934.380015,4,0,0,998641,1
47939.403136,4,0,0,998687,1
47939.637205,4,0,0,998634,1
47940.681455,4,0,0,998586,1
47945.461046,4,0,0,998743,1
47949.718906,4,0,0,998895,1
47958.046568,4,0,0,999208,1
47959.750017,4,0,0,999162,1
47961.135060,4,0,0,999170,1
47969.264444,4,0,0,999059,1
47970.751908,4,0,0,999046,1
47971.724623,4,0,0,999001,1
47972.844896,4,0,0,999087,1
47973.527467,4,0,0,999080,1
47974.582515,4,0,0,999118,1
47979.909377,4,0,0,999252,1
47990.212420,4,0,0,999245,1
47995.080668,4,0,0,999165,1
47995.487288,4,0,0,999194,1
47998.739807,4,0,0,999277,1
48001.321827,4,0,0,999329,1
48002.761381,4,0,0,999326,1
48005.589472,4,0,0,999296,1
48006.567413,4,0,0,999261,1
48028.158842,4,0,0,999168,1
48038.142743,4,0,0,999415,1
48047.072651,4,0,0,999829,1
48050.639573,4,0,0,999839,1
48052.439519,4,0,0,999905,1
48052.658554,4,0,0,999894,1
48053.624558,4,0,0,999975,1
48060.799058,4,0,0,1000111,1
48061.700530,4,0,0,1000190,1
48075.962217,4,0,0,1000636,1
48079.607570,4,0,0,1000539,1
48080.185397,4,0,0,1000525,1
48084.402914,4,0,0,1000646,1
48088.310633,4,0,0,1000869,1
48091.544320,4,0,0,1001005,1
48097.652885,4,0,0,1001190,1
48098.554097,4,0,0,1001216,1
48106.868722,4,0,0,1001418,1
48108.052535,4,0,0,1001366,1
48108.433671,4,0,0,1001361,1
48114.492798,4,0,0,1001313,1
48117.900775,4,0,0,1001208,1
48125.668887,4,0,0,1001403,1
48129.629614,4,0,0,1001522,1
48131.794673,4,0,0,1001580,1
48140.369586,4,0,0,1001619,1
48145.126312,4,0,0,1001692,1
48146.308460,4,0,0,1001725,1
48147.839600,4,0,0,1001706,1
48152.129289,4,0,0,1001667,1
48154.159440,4,0,0,1001624,1
48158.356902,4,0,0,1001766,1
48165.773492,4,0,0,1001938,1
48169.054993,4,0,0,1001900,1
48174.315372,4,0,0,1001825,1
48174.694987,4,0,0,1001835,1
48177.313110,4,0,0,1001688,1
48181.291232,4,0,0,1001669,1
48186.621234,4,0,0,1001789,1
48194.853433,4,0,0,1001861,1
48196.354996,4,0,0,1001832,1
48200.891920,4,0,0,1001813,1
48202.469636,4,0,0,1001874,1
48206.395096,4,0,0,1001811,1
48207.325856,4,0,0,1001900,1
48208.904386,4,0,0,1001911,1
48212.358033,4,0,0,1001903,1
48218.364959,4,0,0,1001813,1
48219.114200,4,0,0,1001793,1
48222.211840,4,0,0,1001721,1
48224.687500,4,0,0,1001719,1
48236.431132,4,0,0,1001546,1
48237.300682,4,0,0,1001563,1
48243.030771,4,0,0,1001401,1
48246.810022,4,0,0,1001286,1
48247.017876,4,0,0,1001304,1
48247.378881,4,0,0,1001288,1
48259.444062,4,0,0,1000962,1
48263.961174,4,0,0,1000919,1
48267.486297,4,0,0,1000853,1
48272.071452,4,0,0,1000832,1
48272.234771,4,0,0,1000833,1
48274.827540,4,0,0,1000811,1
48285.719325,4,0,0,1000777,1
48286.891404,4,0,0,1000815,1
48291.583672,4,0,0,1000761,1
48300.622528,4,0,0,1000909,1
48315.624734,4,0,0,1001221,1
48316.074588,4,0,0,1001174,1
48323.238974,4,0,0,1001439,1
48346.491815,4,0,0,1001526,1
48347.198020,4,0,0,1001603,1
48352.291969,4,0,0,1001568,1
48366.474487,4,0,0,1001630,1
48370.475830,4,0,0,1001515,1
48371.733449,4,0,0,1001428,1
48372.263511,4,0,0,1001444,1
48373.141095,4,0,0,1001387,1
48377.039796,4,0,0,1001289,1
48384.542306,4,0,0,1001143,1
48387.589724,4,0,0,1001145,1
48387.990449,4,0,0,1001095,1
48389.745701,4,0,0,1000972,1
48398.953962,4,0,0,1001183,1
48400.045391,4,0,0,1001115,1
48407.020552,4,0,0,1001024,1
48412.356408,4,0,0,1001060,1
48422.461209,4,0,0,1000890,1
48425.639199,4,0,0,1000737,1
48425.995568,4,0,0,1000729,1
48426.111554,4,0,0,1000721,1
48433.648229,4,0,0,1000534,1
48435.294723,4,0,0,1000441,1
48437.558138,4,0,0,1000384,1
48445.682045,4,0,0,1000378,1
48455.298976,4,0,0,1000373,1
48455.994025,4,0,0,1000460,1
48462.511211,4,0,0,1000322,1
48467.727803,4,0,0,1000476,1
48473.657056,4,0,0,1000432,1
48482.952622,4,0,0,1000477,1
48484.205939,4,0,0,1000473,1
48490.760077,4,0,0,1000739,1
48491.253419,4,0,0,1000741,1
48502.394352,4,0,0,1000861,1
48503.661470,4,0,0,1000830,1
48504.033292,4,0,0,1000818,1
48504.450266,4,0,0,1000741,1
48508.099395,4,0,0,1000808,1
48508.278253,4,0,0,1000808,1
48510.778202,4,0,0,1000780,1
48517.293073,4,0,0,1000764,1
48522.381449,4,0,0,1000685,1
48523.211698,4,0,0,1000611,1
48536.786818,4,0,0,1000339,1
48541.490128,4,0,0,1000188,1
48547.866412,4,0,0,1000051,1
48555.588053,4,0,0,1000132,1
48559.424807,4,0,0,1000154,1
48559.503096,4,0,0,1000143,1
48563.533485,4,0,0,999985,1
48565.227125,4,0,0,999978,1
48565.246442,4,0,0,999975,1
48566.575640,4,0,0,999915,1
48566.969298,4,0,0,999903,1
48571.872753,4,0,0,999890,1
48575.192975,4,0,0,999821,1
48575.775931,4,0,0,999842,1
48579.194015,4,0,0,999931,1
48582.785980,4,0,0,999806,1
48591.173375,4,0,0,1000244,1
48593.279787,4,0,0,1000354,1
48594.041379,4,0,0,1000287,1
48596.430021,4,0,0,1000315,1
48610.414620,4,0,0,1000057,1
48613.498373,4,0,0,1000095,1
48614.588496,4,0,0,1000145,1
48615.007409,4,0,0,1000168,1
48619.414186,4,0,0,1000436,1
48628.954093,4,0,0,1000814,1
48641.177039,4,0,0,1000763,1
48641.715111,4,0,0,1000824,1
48642.721483,4,0,0,1000773,1
48646.551495,4,0,0,1000649,1
48654.312736,4,0,0,1000637,1
48660.169213,4,0,0,1000808,1
48663.914384,4,0,0,1000918,1
48674.867025,4,0,0,1000937,1
48680.131962,4,0,0,1000824,1
48680.479034,4,0,0,1000817,1
48681.950077,4,0,0,1000774,1
48685.252492,4,0,0,1000916,1
48696.055798,4,0,0,1000808,1
48700.276431,4,0,0,1000786,1
48700.976061,4,0,0,1000733,1
48703.641914,4,0,0,1000788,1
48704.891754,4,0,0,1000861,1
48705.292715,4,0,0,1000874,1
48709.319041,4,0,0,1000774,1
48712.767806,4,0,0,1000746,1
48713.853597,4,0,0,1000707,1
48716.447975,4,0,0,1000654,1
48718.052750,4,0,0,1000693,1
48718.194967,4,0,0,1000686,1
48722.337598,4,0,0,1000860,1
48727.962732,4,0,0,1000997,1
48738.727965,4,0,0,1001028,1
48740.997139,4,0,0,1001177,1
48748.691087,4,0,0,1001109,1
48756.422218,4,0,0,1001336,1
48759.237197,4,0,0,1001325,1
48760.523421,4,0,0,1001324,1
48765.406100,4,0,0,1001348,1
48766.092178,4,0,0,1001360,1
48767.498436,4,0,0,1001429,1
48768.595802,4,0,0,1001486,1
48777.759528,4,0,0,1001377,1
48785.533834,4,0,0,1001384,1
48786.510755,4,0,0,1001329,1
48788.376741,4,0,0,1001290,1
48792.639605,4,0,0,1001305,1
48800.254779,4,0,0,1001312,1
48803.395601,4,0,0,1001243,1
48803.843739,4,0,0,1001231,1
48809.785046,4,0,0,1001270,1
48811.245304,4,0,0,1001269,1
48816.694841,4,0,0,1001157,1
48828.955740,4,0,0,1001259,1
48831.329991,4,0,0,1001107,1
48835.033220,4,0,0,1001126,1
48838.868674,4,0,0,1001258,1
48841.662912,4,0,0,1001268,1
48846.668890,4,0,0,1001340,1
48851.747204,4,0,0,1001237,1
48853.053093,4,0,0,1001202,1
48855.091345,4,0,0,1001272,1
48856.410208,4,0,0,1001263,1
48865.093646,4,0,0,1001212,1
48874.686444,4,0,0,1001035,1
48876.900544,4,0,0,1001077,1
48880.955594,4,0,0,1001264,1
48888.785550,4,0,0,1001367,1
48891.220725,4,0,0,1001346,1
48897.317523,4,0,0,1001533,1
48898.329775,4,0,0,1001544,1
48904.454775,4,0,0,1001410,1
48906.005311,4,0,0,1001431,1
48913.415480,4,0,0,1001506,1
48919.131708,4,0,0,1001434,1
48932.548269,4,0,0,1001366,1
48934.250176,4,0,0,1001468,1
48934.752538,4,0,0,1001501,1
48935.106069,4,0,0,1001556,1
48937.768900,4,0,0,1001561,1
48938.634742,4,0,0,1001557,1
48943.276689,4,0,0,1001447,1
48948.229943,4,0,0,1001398,1
48959.617796,4,0,0,1001665,1
48959.950799,4,0,0,1001673,1
48963.796041,4,0,0,1001546,1
48967.535690,4,0,0,1001505,1
48976.905612,4,0,0,1001659,1
48987.002901,4,0,0,1001523,1
48990.680680,4,0,0,1001236,1
48990.688053,4,0,0,1001239,1
48992.876487,4,0,0,1001162,1
48994.149053,4,0,0,1001268,1
49022.506609,4,0,0,1001341,1
49030.634839,4,0,0,1001080,1
49040.651119,4,0,0,1001020,1
49040.999131,4,0,0,1001029,1
49062.129163,4,0,0,1000840,1
49085.739730,4,0,0,1000303,1
49087.212949,4,0,0,1000212,1
49092.453513,4,0,0,1000111,1
49117.609992,4,0,0,1000203,1
49130.624925,4,0,0,999869,1
49131.750866,4,0,0,999926,1
49135.705044,4,0,0,1000040,1
49137.524262,4,0,0,1000000,1
49144.742469,4,0,0,999751,1
49150.496343,4,0,0,999648,1
49151.360333,4,0,0,999680,1
49156.101865,4,0,0,999452,1
49169.817432,4,0,0,999360,1
49172.775455,4,0,0,999317,1
49182.512906,4,0,0,999412,1
49194.674549,4,0,0,999273,1
49204.618339,4,0,0,999240,1
49209.974553,4,0,0,999190,1
49215.151301,4,0,0,999327,1
49220.993473,4,0,0,999372,1
49222.432234,4,0,0,999428,1
49230.670236,4,0,0,999426,1
49236.980744,4,0,0,999244,1
49247.991128,4,0,0,999135,1
49248.972908,4,0,0,999264,1
49250.934825,4,0,0,999281,1
49266.348889,4,0,0,999297,1
49270.043162,4,0,0,999249,1
49270.948561,4,0,0,999213,1
49272.198789,4,0,0,999194,1
49273.917314,4,0,0,999099,1
49275.636657,4,0,0,999077,1
49287.155139,4,0,0,998915,1
49289.967485,4,0,0,998745,1
49297.917587,4,0,0,999728,1
49311.137414,4,0,0,999461,1
49347.922329,4,0,0,999607,1
49355.679535,4,0,0,999603,1
49362.275033,4,0,0,999631,1
49372.360081,4,0,0,999714,1
49372.971718,4,0,0,999744,1
49375.255500,4,0,0,999792,1
49377.539539,4,0,0,999772,1
49381.999242,4,0,0,999679,1
49382.605970,4,0,0,999668,1
49395.736066,4,0,0,999908,1
49401.668429,4,0,0,999881,1
49404.265690,4,0,0,999912,1
49405.970682,4,0,0,999919,1
49409.411985,4,0,0,999904,1
49414.176418,4,0,0,999865,1
49416.540484,4,0,0,999731,1
49417.947194,4,0,0,999689,1
49424.717179,4,0,0,999789,1
49438.450973,4,0,0,999600,1
49440.152872,4,0,0,999626,1
49445.449216,4,0,0,999688,1
49445.922217,4,0,0,999676,1
49447.277156,4,0,0,999652,1
49447.300361,4,0,0,999652,1
49448.569729,4,0,0,999625,1
49456.960563,4,0,0,999575,1
49457.106180,4,0,0,999616,1
49464.367464,4,0,0,999740,1
49473.088015,4,0,0,999720,1
49473.753615,4,0,0,999673,1
49474.678498,4,0,0,999592,1
49475.785609,4,0,0,999533,1
49476.771767,4,0,0,999490,1
49480.669289,4,0,0,999616,1
49486.661492,4,0,0,999483,1
49494.706050,4,0,0,999581,1
49497.153770,4,0,0,999565,1
49509.688846,4,0,0,999596,1
49515.293474,4,0,0,999680,1
49517.196408,4,0,0,999752,1
49520.569531,4,0,0,999817,1
49521.385908,4,0,0,999806,1
49522.014528,4,0,0,999767,1
49528.450785,4,0,0,999806,1
49531.395021,4,0,0,999810,1
49533.557816,4,0,0,999918,1
49538.907387,4,0,0,1000028,1
49547.642255,4,0,0,1000066,1
49551.259074,4,0,0,1000120,1
49552.910236,4,0,0,999989,1
49555.557559,4,0,0,999888,1
49577.220494,4,0,0,1000122,1
49578.250822,4,0,0,1000068,1
49585.733188,4,0,0,1000108,1
49592.444920,4,0,0,1000154,1
49594.367248,4,0,0,1000230,1
49594.615228,4,0,0,1000280,1
49600.235852,4,0,0,1000474,1
49601.005848,4,0,0,1000438,1
49630.414630,4,0,0,1000592,1
49632.231534,4,0,0,1000730,1
49634.346534,4,0,0,1000799,1
49634.405186,4,0,0,1000793,1
49643.971983,4,0,0,1000664,1
49645.113379,4,0,0,1000674,1
49647.939051,4,0,0,1000745,1
49654.476576,4,0,0,1000640,1
49659.902980,4,0,0,1000675,1
49663.933728,4,0,0,1000743,1
49677.391198,4,0,0,1000916,1
49689.928605,4,0,0,1000924,1
49694.312335,4,0,0,1001105,1
49706.369304,4,0,0,1001202,1
49715.602103,4,0,0,1001196,1
49720.143028,4,0,0,1001141,1
49721.734525,4,0,0,1001071,1
49724.374228,4,0,0,1001033,1
49728.471977,4,0,0,1000855,1
49731.696871,4,0,0,1000887,1
49738.660452,4,0,0,1000728,1
49742.012477,4,0,0,1000783,1
49742.054457,4,0,0,1000773,1
49743.507975,4,0,0,1000832,1
49745.686219,4,0,0,1000767,1
49751.282772,4,0,0,1000874,1
49754.506159,4,0,0,1000838,1
49755.572726,4,0,0,1000878,1
49757.948676,4,0,0,1000852,1
49762.380051,4,0,0,1000812,1
49766.759576,4,0,0,1000743,1
49766.767130,4,0,0,1000737,1
49768.656115,4,0,0,1000714,1
49769.501758,4,0,0,1000729,1
49771.103718,4,0,0,1000807,1
49773.941219,4,0,0,1000710,1
49779.951185,4,0,0,1000863,1
49784.883885,4,0,0,1000835,1
49797.111782,4,0,0,1000800,1
49799.825885,4,0,0,1000730,1
49801.010696,4,0,0,1000656,1
49804.030911,4,0,0,1000649,1
49806.898846,4,0,0,1000716,1
49807.653635,4,0,0,1000725,1
49818.611948,4,0,0,1000808,1
49821.521707,4,0,0,1000783,1
49825.962149,4,0,0,1000815,1
49826.582950,4,0,0,1000833,1
49827.356167,4,0,0,1000844,1
49830.655971,4,0,0,1000879,1
49831.445911,4,0,0,1000897,1
49837.629547,4,0,0,1001029,1
49842.348145,4,0,0,1000918,1
49852.772765,4,0,0,1000620,1
49856.397481,4,0,0,1000536,1
49859.880413,4,0,0,1000673,1
49866.266623,4,0,0,1000641,1
49875.888562,4,0,0,1000389,1
49884.044623,4,0,0,1000609,1
49885.551063,4,0,0,1000580,1
49891.786304,4,0,0,1000488,1
49894.100973,4,0,0,1000581,1
49897.149851,4,0,0,1000643,1
49913.983042,4,0,0,1000847,1
49919.945528,4,0,0,1000972,1
49925.742570,4,0,0,1000777,1
49933.521473,4,0,0,1000585,1
49937.841173,4,0,0,1000387,1
49941.723191,4,0,0,1000606,1
49943.231157,4,0,0,1000644,1
49946.680033,4,0,0,1000721,1
49951.073563,4,0,0,1000856,1
49955.216047,4,0,0,1001020,1
49962.244371,4,0,0,1001049,1
49965.182954,4,0,0,1001048,1
49969.214817,4,0,0,1000998,1
49971.334664,4,0,0,1001000,1
49972.644171,4,0,0,1000977,1
49978.880081,4,0,0,1000987,1
49981.216893,4,0,0,1000987,1
49987.155761,4,0,0,1001005,1
49988.542477,4,0,0,1001054,1
49989.189881,4,0,0,1001087,1
49992.721463,4,0,0,1000937,1
49992.767356,4,0,0,1000918,1
49995.963189,4,0,0,1000874,1
50004.943003,4,0,0,1000957,1
50006.307043,4,0,0,1000943,1
50007.063125,4,0,0,1000978,1
50014.284987,4,0,0,1000902,1
50016.074788,4,0,0,1000899,1
50016.213888,4,0,0,1000879,1
50020.626951,4,0,0,1000759,1
50025.786050,4,0,0,1000727,1
50029.925409,4,0,0,1000474,1
50037.537205,4,0,0,1000458,1
50040.456664,4,0,0,1000371,1
50046.643369,4,0,0,1000299,1
50046.802973,4,0,0,1000323,1
50056.010843,4,0,0,1000261,1
50057.567286,4,0,0,1000137,1
50066.429609,4,0,0,1000223,1
50066.820345,4,0,0,1000221,1
50067.182197,4,0,0,1000203,1
50078.673259,4,0,0,1000327,1
50089.583398,4,0,0,1000363,1
50094.294106,4,0,0,1000338,1
50096.238396,4,0,0,1000237,1
50098.567176,4,0,0,1000263,1
50099.624290,4,0,0,1000333,1
50100.895284,4,0,0,1000266,1
50101.927428,4,0,0,1000224,1
50102.009212,4,0,0,1000239,1
50108.469749,4,0,0,1000117,1
50113.370020,4,0,0,1000048,1
50115.940257,4,0,0,1000044,1
50118.578669,4,0,0,999912,1
50118.671208,4,0,0,999929,1
50137.786449,4,0,0,1000082,1
50141.153971,4,0,0,1000138,1
50141.250357,4,0,0,1000114,1
50151.797863,4,0,0,999957,1
50155.464252,4,0,0,999940,1
50165.775352,4,0,0,1000100,1
50166.427617,4,0,0,1000264,1
50175.611469,4,0,0,999953,1
50177.255788,4,0,0,1000037,1
50186.842235,4,0,0,1000170,1
50190.894222,4,0,0,1000096,1
50192.131622,4,0,0,1000063,1
50195.065533,4,0,0,1000029,1
50195.592970,4,0,0,999962,1
50197.419966,4,0,0,999918,1
50200.457096,4,0,0,999857,1
50210.387531,4,0,0,999840,1
50211.541023,4,0,0,999908,1
50217.000171,4,0,0,999819,1
50218.905720,4,0,0,999833,1
50221.124610,4,0,0,999739,1
50221.813354,4,0,0,999771,1
50223.528363,4,0,0,999803,1
50226.577301,4,0,0,999688,1
50229.239286,4,0,0,999649,1
50239.092510,4,0,0,999302,1
50239.660279,4,0,0,999340,1
50240.657163,4,0,0,999307,1
50243.996408,4,0,0,999288,1
50246.513639,4,0,0,999201,1
50249.826032,4,0,0,999367,1
50257.478067,4,0,0,999466,1
50259.285087,4,0,0,999512,1
50260.918533,4,0,0,999658,1
50261.311014,4,0,0,999629,1
50264.017346,4,0,0,999720,1
50269.318776,4,0,0,999676,1
50282.326078,4,0,0,999916,1
50283.183176,4,0,0,999899,1
50287.288039,4,0,0,999985,1
50287.845354,4,0,0,999998,1
50291.445080,4,0,0,999968,1
50293.287404,4,0,0,1000015,1
50308.831788,4,0,0,1000145,1
50309.186747,4,0,0,1000139,1
50318.334847,4,0,0,1000163,1
50320.699747,4,0,0,1000150,1
50339.698875,4,0,0,1000279,1
50339.885421,4,0,0,1000265,1
50340.019150,4,0,0,1000241,1
50359.082751,4,0,0,1000216,1
50359.272419,4,0,0,1000235,1
50359.608015,4,0,0,1000270,1
50369.499165,4,0,0,1000204,1
50384.665330,4,0,0,1000239,1
50387.110083,4,0,0,1000185,1
50403.120737,4,0,0,1000179,1
50422.176436,4,0,0,999962,1
50425.152244,4,0,0,1000060,1
50428.236174,4,0,0,1000080,1
50430.569412,4,0,0,1000053,1
50440.699231,4,0,0,1000197,1
50444.674191,4,0,0,1000239,1
50450.791125,4,0,0,1000274,1
50453.285958,4,0,0,1000258,1
50454.264241,4,0,0,1000242,1
50454.537858,4,0,0,1000263,1
50462.560221,4,0,0,1000281,1
50463.094908,4,0,0,1000260,1
50465.970824,4,0,0,1000443,1
50474.328761,4,0,0,1000631,1
50474.547557,4,0,0,1000657,1
50475.393173,4,0,0,1000614,1
50478.967458,4,0,0,1000635,1
50479.568966,4,0,0,1000587,1
50480.874754,4,0,0,1000514,1
50484.787203,4,0,0,1000349,1
50498.520209,4,0,0,1000288,1
50504.416633,4,0,0,1000270,1
50509.521102,4,0,0,1000430,1
50512.678967,4,0,0,1000495,1
50515.358008,4,0,0,1000398,1
50515.433772,4,0,0,1000409,1
50516.632149,4,0,0,1000207,1
50521.970992,4,0,0,1000355,1
50524.798201,4,0,0,1000346,1
50532.782436,4,0,0,1000371,1
50534.651236,4,0,0,1000360,1
50537.558169,4,0,0,1000400,1
50538.115600,4,0,0,1000413,1
50544.226515,4,0,0,1000570,1
50550.713029,4,0,0,1000684,1
50553.290521,4,0,0,1000711,1
50557.179002,4,0,0,1000634,1
50558.788952,4,0,0,1000699,1
50560.218191,4,0,0,1000645,1
50563.130235,4,0,0,1000452,1
50564.260523,4,0,0,1000456,1
50564.911301,4,0,0,1000424,1
50567.561184,4,0,0,1000331,1
50573.185664,4,0,0,1000342,1
