34199.000000,1,0,100,999000,1
34199.000000,1,0,100,999100,1
34199.000000,1,0,100,999200,1
34199.000000,1,0,100,999300,1
34199.000000,1,0,100,999400,1
34199.000000,1,0,100,999500,1
34199.000000,1,0,100,999600,1
34199.000000,1,0,100,999700,1
34199.000000,1,0,100,999800,1
34199.000000,1,0,100,999900,1
34199.000000,1,0,100,1000100,-1
34199.000000,1,0,100,1000200,-1
34199.000000,1,0,100,1000300,-1
34199.000000,1,0,100,1000400,-1
34199.000000,1,0,100,1000500,-1
34199.000000,1,0,100,1000600,-1
34199.000000,1,0,100,1000700,-1
34199.000000,1,0,100,1000800,-1
34199.000000,1,0,100,1000900,-1
34199.000000,1,0,100,1001000,-1
34200.000000,4,0,0,1000000,1
34206.090319,4,0,0,1000000,1
34206.090865,4,0,0,1000000,1
34207.811726,4,0,0,1000000,1
34208.570358,4,0,0,1000000,1
34209.033463,4,0,0,1000000,1
34210.018691,4,0,0,1000000,1
34212.045299,4,0,0,1000000,1
34214.461362,4,0,0,1000000,1
34218.160890,4,0,0,1000000,1
34220.758052,4,0,0,1000000,1
34226.283157,4,0,0,1000000,1
34227.376459,4,0,0,1000000,1
34237.436913,4,0,0,1000000,1
34237.569651,4,0,0,1000000,1
34242.875835,4,0,0,1000000,1
34245.457470,4,0,0,1000000,1
34249.367545,4,0,0,1000000,1
34250.090630,4,0,0,1000000,1
34251.145926,4,0,0,1000000,1
34258.856868,4,0,0,1000000,1
34275.348954,4,0,0,1000000,1
34277.146418,4,0,0,1000000,1
34282.780621,4,0,0,1000000,1
34292.773770,4,0,0,1000000,1
34303.529037,4,0,0,1000000,1
34303.953881,4,0,0,1000000,1
34304.144306,4,0,0,1000000,1
34305.033985,4,0,0,1000000,1
34315.095421,4,0,0,1000000,1
34315.590273,4,0,0,1000000,1
34318.203206,4,0,0,1000000,1
34333.343659,4,0,0,1000000,1
34336.984968,4,0,0,1000000,1
34342.612254,4,0,0,1000000,1
34344.424302,4,0,0,1000000,1
34349.968905,4,0,0,1000000,1
34358.570724,4,0,0,1000000,1
34358.658951,4,0,0,1000000,1
34365.288199,4,0,0,1000000,1
34386.785344,4,0,0,1000000,1
34393.376887,4,0,0,1000000,1
34394.950084,4,0,0,1000000,1
34402.393605,4,0,0,1000000,1
34402.914393,4,0,0,1000000,1
34405.753781,4,0,0,1000000,1
34417.189743,4,0,0,1000000,1
34418.851241,4,0,0,1000000,1
34420.473390,4,0,0,1000000,1
34421.139220,4,0,0,1000000,1
34421.232702,4,0,0,1000000,1
34426.661836,4,0,0,1000000,1
34427.798450,4,0,0,1000000,1
34429.273695,4,0,0,1000000,1
34432.507050,4,0,0,1000000,1
34432.769181,4,0,0,1000000,1
34436.849350,4,0,0,1000000,1
34437.607829,4,0,0,1000000,1
34441.861579,4,0,0,1000000,1
34447.612720,4,0,0,1000000,1
34448.128758,4,0,0,1000000,1
34450.683816,4,0,0,1000000,1
34456.350405,4,0,0,1000000,1
34458.906469,4,0,0,1000000,1
34459.151417,4,0,0,1000000,1
34462.820772,4,0,0,1000000,1
34468.031130,4,0,0,1000000,1
34471.488876,4,0,0,1000000,1
34485.317803,4,0,0,1000000,1
34489.539647,4,0,0,1000000,1
34500.711445,4,0,0,1000000,1
34501.418363,4,0,0,1000000,1
34502.135276,4,0,0,1000000,1
34510.008388,4,0,0,1000000,1
34512.431663,4,0,0,1000000,1
34513.295637,4,0,0,1000000,1
34525.839729,4,0,0,1000000,1
34527.882470,4,0,0,1000000,1
34534.524510,4,0,0,1000000,1
34540.712793,4,0,0,1000000,1
34550.981193,4,0,0,1000000,1
34555.652662,4,0,0,1000000,1
34562.297203,4,0,0,1000000,1
34564.348250,4,0,0,1000000,1
34565.852096,4,0,0,1000000,1
34576.665751,4,0,0,1000000,1
34579.336699,4,0,0,1000000,1
34595.339410,4,0,0,1000000,1
34600.544750,4,0,0,1000000,1
34605.191180,4,0,0,1000000,1
34605.773769,4,0,0,1000000,1
34620.044790,4,0,0,1000000,1
34622.901688,4,0,0,1000000,1
34627.030048,4,0,0,1000000,1
34629.537061,4,0,0,1000000,1
34630.830207,4,0,0,1000000,1
34642.000897,4,0,0,1000000,1
34646.076152,4,0,0,1000000,1
34646.089892,4,0,0,1000000,1
34650.679164,4,0,0,1000000,1
34652.569570,4,0,0,1000000,1
34656.148752,4,0,0,1000000,1
34666.526366,4,0,0,1000000,1
34668.639271,4,0,0,1000000,1
34680.072077,4,0,0,1000000,1
34684.739584,4,0,0,1000000,1
34684.815814,4,0,0,1000000,1
34697.488801,4,0,0,1000000,1
34703.100906,4,0,0,1000000,1
34731.412859,4,0,0,1000000,1
34732.317012,4,0,0,1000000,1
34733.022052,4,0,0,1000000,1
34745.913917,4,0,0,1000000,1
34751.618477,4,0,0,1000000,1
34751.944851,4,0,0,1000000,1
34758.676950,4,0,0,1000000,1
34765.378130,4,0,0,1000000,1
34777.635334,4,0,0,1000000,1
34783.577572,4,0,0,1000000,1
34784.211871,4,0,0,1000000,1
34784.307855,4,0,0,1000000,1
34784.434815,4,0,0,1000000,1
34784.572072,4,0,0,1000000,1
34785.923105,4,0,0,1000000,1
34795.322078,4,0,0,1000000,1
34799.021755,4,0,0,1000000,1
34802.868692,4,0,0,1000000,1
34811.689492,4,0,0,1000000,1
34812.323258,4,0,0,1000000,1
34813.888091,4,0,0,1000000,1
34818.100744,4,0,0,1000000,1
34834.798110,4,0,0,1000000,1
34838.733602,4,0,0,1000000,1
34838.823577,4,0,0,1000000,1
34846.531836,4,0,0,1000000,1
34847.799659,4,0,0,1000000,1
34855.665676,4,0,0,1000000,1
34858.011677,4,0,0,1000000,1
34867.532182,4,0,0,1000000,1
34874.103949,4,0,0,1000000,1
34877.987565,4,0,0,1000000,1
34878.688836,4,0,0,1000000,1
34878.984182,4,0,0,1000000,1
34879.602529,4,0,0,1000000,1
34879.820376,4,0,0,1000000,1
34880.363969,4,0,0,1000000,1
34881.586730,4,0,0,1000000,1
34887.553292,4,0,0,1000000,1
34891.474506,4,0,0,1000000,1
34891.534903,4,0,0,1000000,1
34891.891949,4,0,0,1000000,1
34908.237908,4,0,0,1000000,1
34912.251015,4,0,0,1000000,1
34913.337359,4,0,0,1000000,1
34914.727325,4,0,0,1000000,1
34921.237197,4,0,0,1000000,1
34922.276592,4,0,0,1000000,1
34926.438736,4,0,0,1000000,1
34943.203268,4,0,0,1000000,1
34952.171500,4,0,0,1000000,1
34953.482351,4,0,0,1000000,1
34956.736401,4,0,0,1000000,1
34961.360895,4,0,0,1000000,1
34969.802280,4,0,0,1000000,1
34970.617465,4,0,0,1000000,1
34970.707095,4,0,0,1000000,1
34971.054096,4,0,0,1000000,1
34974.238550,4,0,0,1000000,1
34978.694661,4,0,0,1000000,1
34982.716088,4,0,0,1000000,1
34984.541049,4,0,0,1000000,1
35005.934226,4,0,0,1000000,1
35010.077980,4,0,0,1000000,1
35012.364080,4,0,0,1000000,1
35016.191029,4,0,0,1000000,1
35022.729133,4,0,0,1000000,1
35028.017442,4,0,0,1000000,1
35029.488608,4,0,0,1000000,1
35029.816695,4,0,0,1000000,1
35032.025863,4,0,0,1000000,1
35036.774741,4,0,0,1000000,1
35037.902546,4,0,0,1000000,1
35044.582012,4,0,0,1000000,1
35044.911131,4,0,0,1000000,1
35046.352450,4,0,0,1000000,1
35054.160569,4,0,0,1000000,1
35055.188125,4,0,0,1000000,1
35060.064465,4,0,0,1000000,1
35063.619574,4,0,0,1000000,1
35075.988828,4,0,0,1000000,1
35077.449454,4,0,0,1000000,1
35077.775627,4,0,0,1000000,1
35084.124779,4,0,0,1000000,1
35091.195311,4,0,0,1000000,1
35102.590674,4,0,0,1000000,1
35115.438534,4,0,0,1000000,1
35115.505692,4,0,0,1000000,1
35116.782172,4,0,0,1000000,1
35121.366869,4,0,0,1000000,1
35135.593343,4,0,0,1000000,1
35149.929810,4,0,0,1000000,1
35153.817876,4,0,0,1000000,1
35165.635294,4,0,0,1000000,1
35170.539628,4,0,0,1000000,1
35172.902425,4,0,0,1000000,1
35176.083581,4,0,0,1000000,1
35180.515240,4,0,0,1000000,1
35184.327308,4,0,0,1000000,1
35196.784680,4,0,0,1000000,1
35208.782579,4,0,0,1000000,1
35211.183674,4,0,0,1000000,1
35226.976594,4,0,0,1000000,1
35227.890084,4,0,0,1000000,1
35228.535633,4,0,0,1000000,1
35229.229293,4,0,0,1000000,1
35232.596976,4,0,0,1000000,1
35232.700988,4,0,0,1000000,1
35246.830376,4,0,0,1000000,1
35255.219904,4,0,0,1000000,1
35255.292239,4,0,0,1000000,1
35256.218713,4,0,0,1000000,1
35258.147741,4,0,0,1000000,1
35258.818893,4,0,0,1000000,1
35266.744393,4,0,0,1000000,1
35268.764985,4,0,0,1000000,1
35282.221659,4,0,0,1000000,1
35286.391290,4,0,0,1000000,1
35296.479848,4,0,0,1000000,1
35305.383164,4,0,0,1000000,1
35316.654484,4,0,0,1000000,1
35319.598794,4,0,0,1000000,1
35323.377012,4,0,0,1000000,1
35331.036867,4,0,0,1000000,1
35332.645235,4,0,0,1000000,1
35335.866199,4,0,0,1000000,1
35340.235448,4,0,0,1000000,1
35340.310280,4,0,0,1000000,1
35344.612881,4,0,0,1000000,1
35347.330739,4,0,0,1000000,1
35355.203087,4,0,0,1000000,1
35357.013244,4,0,0,1000000,1
35367.691223,4,0,0,1000000,1
35371.813551,4,0,0,1000000,1
35372.785580,4,0,0,1000000,1
35380.198573,4,0,0,1000000,1
35384.724422,4,0,0,1000000,1
35384.989314,4,0,0,1000000,1
35387.594707,4,0,0,1000000,1
35393.027313,4,0,0,1000000,1
35405.017474,4,0,0,1000000,1
35405.019396,4,0,0,1000000,1
35423.001009,4,0,0,1000000,1
35425.259728,4,0,0,1000000,1
35442.665466,4,0,0,1000000,1
35447.102028,4,0,0,1000000,1
35455.539638,4,0,0,1000000,1
35459.626479,4,0,0,1000000,1
35464.354215,4,0,0,1000000,1
35465.961629,4,0,0,1000000,1
35470.186692,4,0,0,1000000,1
35476.813595,4,0,0,1000000,1
35486.154388,4,0,0,1000000,1
35492.879047,4,0,0,1000000,1
35498.603183,4,0,0,1000000,1
35508.156643,4,0,0,1000000,1
35510.018993,4,0,0,1000000,1
35515.329839,4,0,0,1000000,1
35518.195101,4,0,0,1000000,1
35520.496352,4,0,0,1000000,1
35523.025014,4,0,0,1000000,1
35525.478562,4,0,0,1000000,1
35527.303675,4,0,0,1000000,1
35531.952931,4,0,0,1000000,1
35534.641934,4,0,0,1000000,1
35552.051053,4,0,0,1000000,1
35557.464812,4,0,0,1000000,1
35558.522901,4,0,0,1000000,1
35561.182244,4,0,0,1000000,1
35563.192705,4,0,0,1000000,1
35570.829716,4,0,0,1000000,1
35580.964507,4,0,0,1000000,1
35592.158130,4,0,0,1000000,1
35597.353232,4,0,0,1000000,1
35598.858913,4,0,0,1000000,1
35600.249141,4,0,0,1000000,1
35609.476061,4,0,0,1000000,1
35613.061882,4,0,0,1000000,1
35620.806926,4,0,0,1000000,1
35624.868847,4,0,0,1000000,1
35631.183421,4,0,0,1000000,1
35634.681961,4,0,0,1000000,1
35641.725417,4,0,0,1000000,1
35645.746916,4,0,0,1000000,1
35648.743098,4,0,0,1000000,1
35650.748776,4,0,0,1000000,1
35651.086469,4,0,0,1000000,1
35653.355503,4,0,0,1000000,1
35653.752125,4,0,0,1000000,1
35673.177287,4,0,0,1000000,1
35674.135293,4,0,0,1000000,1
35682.120579,4,0,0,1000000,1
35692.058844,4,0,0,1000000,1
35697.632694,4,0,0,1000000,1
35701.661254,4,0,0,1000000,1
35702.500194,4,0,0,1000000,1
35705.506856,4,0,0,1000000,1
35707.530626,4,0,0,1000000,1
35708.749257,4,0,0,1000000,1
35713.040471,4,0,0,1000000,1
35714.829906,4,0,0,1000000,1
35726.687091,4,0,0,1000000,1
35738.177752,4,0,0,1000000,1
35739.598456,4,0,0,1000000,1
35740.160277,4,0,0,1000000,1
35741.185040,4,0,0,1000000,1
35744.494310,4,0,0,1000000,1
35750.727949,4,0,0,1000000,1
35751.843790,4,0,0,1000000,1
35753.206394,4,0,0,1000000,1
35762.328203,4,0,0,1000000,1
35764.897909,4,0,0,1000000,1
35769.481443,4,0,0,1000000,1
35770.753580,4,0,0,1000000,1
35771.267663,4,0,0,1000000,1
35774.734955,4,0,0,1000000,1
35777.834515,4,0,0,1000000,1
35778.626403,4,0,0,1000000,1
35783.274229,4,0,0,1000000,1
35787.027890,4,0,0,1000000,1
35792.102881,4,0,0,1000000,1
35792.849146,4,0,0,1000000,1
35799.504934,4,0,0,1000000,1
35800.705154,4,0,0,1000000,1
35804.207076,4,0,0,1000000,1
35811.561082,4,0,0,1000000,1
35811.669032,4,0,0,1000000,1
35813.543263,4,0,0,1000000,1
35823.404198,4,0,0,1000000,1
35832.306749,4,0,0,1000000,1
35836.002380,4,0,0,1000000,1
35845.631523,4,0,0,1000000,1
35859.932612,4,0,0,1000000,1
35868.302592,4,0,0,1000000,1
35877.503804,4,0,0,1000000,1
35878.000758,4,0,0,1000000,1
35883.036754,4,0,0,1000000,1
35888.848113,4,0,0,1000000,1
35893.351954,4,0,0,1000000,1
35901.035881,4,0,0,1000000,1
35901.204055,4,0,0,1000000,1
35908.234070,4,0,0,1000000,1
35914.523385,4,0,0,1000000,1
35915.960719,4,0,0,1000000,1
35917.381108,4,0,0,1000000,1
35922.163483,4,0,0,1000000,1
35924.188169,4,0,0,1000000,1
35931.800439,4,0,0,1000000,1
35934.624724,4,0,0,1000000,1
35941.922368,4,0,0,1000000,1
35964.166087,4,0,0,1000000,1
35965.872689,4,0,0,1000000,1
35966.610359,4,0,0,1000000,1
35977.679672,4,0,0,1000000,1
35981.407711,4,0,0,1000000,1
35998.991169,4,0,0,1000000,1
36003.829788,4,0,0,1000000,1
36028.215455,4,0,0,1000000,1
36031.990766,4,0,0,1000000,1
36035.563562,4,0,0,1000000,1
36036.259151,4,0,0,1000000,1
36038.360433,4,0,0,1000000,1
36038.487430,4,0,0,1000000,1
36039.323089,4,0,0,1000000,1
36045.866878,4,0,0,1000000,1
36046.014443,4,0,0,1000000,1
36048.196816,4,0,0,1000000,1
36057.675622,4,0,0,1000000,1
36063.315345,4,0,0,1000000,1
36068.928149,4,0,0,1000000,1
36069.927357,4,0,0,1000000,1
36072.715172,4,0,0,1000000,1
36076.879811,4,0,0,1000000,1
36098.775290,4,0,0,1000000,1
36099.865313,4,0,0,1000000,1
36101.226006,4,0,0,1000000,1
36102.679346,4,0,0,1000000,1
36109.309131,4,0,0,1000000,1
36112.227801,4,0,0,1000000,1
36112.507977,4,0,0,1000000,1
36115.903337,4,0,0,1000000,1
36117.041965,4,0,0,1000000,1
36124.701835,4,0,0,1000000,1
36126.388554,4,0,0,1000000,1
36126.522366,4,0,0,1000000,1
36130.824391,4,0,0,1000000,1
36139.700262,4,0,0,1000000,1
36141.993114,4,0,0,1000000,1
36148.616893,4,0,0,1000000,1
36152.037853,4,0,0,1000000,1
36155.759562,4,0,0,1000000,1
36171.078663,4,0,0,1000000,1
36178.867391,4,0,0,1000000,1
36179.024448,4,0,0,1000000,1
36184.931398,4,0,0,1000000,1
36187.921247,4,0,0,1000000,1
36202.012088,4,0,0,1000000,1
36203.208521,4,0,0,1000000,1
36204.693705,4,0,0,1000000,1
36205.099933,4,0,0,1000000,1
36207.775293,4,0,0,1000000,1
36208.327058,4,0,0,1000000,1
36213.128757,4,0,0,1000000,1
36220.893221,4,0,0,1000000,1
36226.597502,4,0,0,1000000,1
36233.544457,4,0,0,1000000,1
36235.548428,4,0,0,1000000,1
36244.486257,4,0,0,1000000,1
36247.162872,4,0,0,1000000,1
36255.467297,4,0,0,1000000,1
36260.174770,4,0,0,1000000,1
36260.914767,4,0,0,1000000,1
36261.304957,4,0,0,1000000,1
36261.393400,4,0,0,1000000,1
36261.723485,4,0,0,1000000,1
36264.656335,4,0,0,1000000,1
36265.231350,4,0,0,1000000,1
36265.366034,4,0,0,1000000,1
36272.086388,4,0,0,1000000,1
36274.487285,4,0,0,1000000,1
36281.055592,4,0,0,1000000,1
36283.934198,4,0,0,1000000,1
36286.792613,4,0,0,1000000,1
36289.900696,4,0,0,1000000,1
36292.971663,4,0,0,1000000,1
36300.740984,4,0,0,1000000,1
36303.201829,4,0,0,1000000,1
36314.437603,4,0,0,1000000,1
36314.618121,4,0,0,1000000,1
36321.724376,4,0,0,1000000,1
36322.366162,4,0,0,1000000,1
36326.972552,4,0,0,1000000,1
36327.022352,4,0,0,1000000,1
36330.719916,4,0,0,1000000,1
36330.734364,4,0,0,1000000,1
36345.169474,4,0,0,1000000,1
36356.441285,4,0,0,1000000,1
36364.038967,4,0,0,1000000,1
36375.837616,4,0,0,1000000,1
36376.589543,4,0,0,1000000,1
36377.410052,4,0,0,1000000,1
36378.403343,4,0,0,1000000,1
36383.059894,4,0,0,1000000,1
36394.352338,4,0,0,1000000,1
36416.343674,4,0,0,1000000,1
36422.279251,4,0,0,1000000,1
36428.569845,4,0,0,1000000,1
36440.042433,4,0,0,1000000,1
36442.491145,4,0,0,1000000,1
36443.865314,4,0,0,1000000,1
36444.775765,4,0,0,1000000,1
36445.383860,4,0,0,1000000,1
36453.388287,4,0,0,1000000,1
36454.147124,4,0,0,1000000,1
36455.614246,4,0,0,1000000,1
36463.786856,4,0,0,1000000,1
36465.564611,4,0,0,1000000,1
36484.879866,4,0,0,1000000,1
36486.362224,4,0,0,1000000,1
36490.008532,4,0,0,1000000,1
36491.813263,4,0,0,1000000,1
36503.364466,4,0,0,1000000,1
36505.546941,4,0,0,1000000,1
36508.264090,4,0,0,1000000,1
36511.696320,4,0,0,1000000,1
36525.056526,4,0,0,1000000,1
36525.206800,4,0,0,1000000,1
36531.238585,4,0,0,1000000,1
36541.833843,4,0,0,1000000,1
36541.966089,4,0,0,1000000,1
36545.494932,4,0,0,1000000,1
36547.380690,4,0,0,1000000,1
36556.761305,4,0,0,1000000,1
36560.669504,4,0,0,1000000,1
36566.271273,4,0,0,1000000,1
36569.153798,4,0,0,1000000,1
36573.884529,4,0,0,1000000,1
36575.522284,4,0,0,1000000,1
36575.567181,4,0,0,1000000,1
36579.677055,4,0,0,1000000,1
36581.460754,4,0,0,1000000,1
36584.941994,4,0,0,1000000,1
36596.804911,4,0,0,1000000,1
36599.462368,4,0,0,1000000,1
36600.820921,4,0,0,1000000,1
36603.039277,4,0,0,1000000,1
36615.879348,4,0,0,1000000,1
36629.084258,4,0,0,1000000,1
36637.975137,4,0,0,1000000,1
36650.060475,4,0,0,1000000,1
36651.296782,4,0,0,1000000,1
36651.734380,4,0,0,1000000,1
36652.967032,4,0,0,1000000,1
36654.771132,4,0,0,1000000,1
36655.689314,4,0,0,1000000,1
36660.154719,4,0,0,1000000,1
36662.705949,4,0,0,1000000,1
36670.806766,4,0,0,1000000,1
36671.785362,4,0,0,1000000,1
36677.570345,4,0,0,1000000,1
36678.884391,4,0,0,1000000,1
36682.965700,4,0,0,1000000,1
36685.017403,4,0,0,1000000,1
36685.297756,4,0,0,1000000,1
36686.539721,4,0,0,1000000,1
36691.754459,4,0,0,1000000,1
36695.041485,4,0,0,1000000,1
36698.540069,4,0,0,1000000,1
36699.457985,4,0,0,1000000,1
36703.500126,4,0,0,1000000,1
36730.890266,4,0,0,1000000,1
36739.003687,4,0,0,1000000,1
36743.316779,4,0,0,1000000,1
36761.142575,4,0,0,1000000,1
36772.224213,4,0,0,1000000,1
36776.551883,4,0,0,1000000,1
36776.709450,4,0,0,1000000,1
36777.179082,4,0,0,1000000,1
36777.502240,4,0,0,1000000,1
36780.374987,4,0,0,1000000,1
36782.624932,4,0,0,1000000,1
36800.325175,4,0,0,1000000,1
36801.204230,4,0,0,1000000,1
36818.431743,4,0,0,1000000,1
36825.404601,4,0,0,1000000,1
36833.715222,4,0,0,1000000,1
36838.501661,4,0,0,1000000,1
36843.782748,4,0,0,1000000,1
36846.879944,4,0,0,1000000,1
36846.943152,4,0,0,1000000,1
36849.024452,4,0,0,1000000,1
36852.262496,4,0,0,1000000,1
36858.522724,4,0,0,1000000,1
36861.545088,4,0,0,1000000,1
36864.467541,4,0,0,1000000,1
36865.175501,4,0,0,1000000,1
36865.227835,4,0,0,1000000,1
36872.015282,4,0,0,1000000,1
36873.858418,4,0,0,1000000,1
36893.740464,4,0,0,1000000,1
36894.929545,4,0,0,1000000,1
36896.906361,4,0,0,1000000,1
36900.453691,4,0,0,1000000,1
36907.174630,4,0,0,1000000,1
36910.154271,4,0,0,1000000,1
36910.791582,4,0,0,1000000,1
36912.582626,4,0,0,1000000,1
36915.939269,4,0,0,1000000,1
36921.294756,4,0,0,1000000,1
36928.322925,4,0,0,1000000,1
36928.990443,4,0,0,1000000,1
36929.101252,4,0,0,1000000,1
36932.600495,4,0,0,1000000,1
36940.538506,4,0,0,1000000,1
36940.599135,4,0,0,1000000,1
36945.934452,4,0,0,1000000,1
36951.483743,4,0,0,1000000,1
36954.334862,4,0,0,1000000,1
36966.106191,4,0,0,1000000,1
36971.047943,4,0,0,1000000,1
36971.073055,4,0,0,1000000,1
36974.239706,4,0,0,1000000,1
36983.614490,4,0,0,1000000,1
36992.095691,4,0,0,1000000,1
36997.102304,4,0,0,1000000,1
37002.455585,4,0,0,1000000,1
37006.585192,4,0,0,1000000,1
37008.116562,4,0,0,1000000,1
37012.046610,4,0,0,1000000,1
37017.371139,4,0,0,1000000,1
37019.448182,4,0,0,1000000,1
37028.705850,4,0,0,1000000,1
37029.742917,4,0,0,1000000,1
37036.318451,4,0,0,1000000,1
37037.952881,4,0,0,1000000,1
37045.057550,4,0,0,1000000,1
37047.725542,4,0,0,1000000,1
37055.606281,4,0,0,1000000,1
37057.691490,4,0,0,1000000,1
37058.840641,4,0,0,1000000,1
37065.809588,4,0,0,1000000,1
37067.573873,4,0,0,1000000,1
37073.890284,4,0,0,1000000,1
37080.412249,4,0,0,1000000,1
37081.608462,4,0,0,1000000,1
37082.760160,4,0,0,1000000,1
37083.820505,4,0,0,1000000,1
37084.555456,4,0,0,1000000,1
37086.818027,4,0,0,1000000,1
37086.947034,4,0,0,1000000,1
37087.509011,4,0,0,1000000,1
37092.874989,4,0,0,1000000,1
37100.562765,4,0,0,1000000,1
37100.964081,4,0,0,1000000,1
37102.223984,4,0,0,1000000,1
37103.336392,4,0,0,1000000,1
37115.252653,4,0,0,1000000,1
37121.191408,4,0,0,1000000,1
37125.049717,4,0,0,1000000,1
37126.785575,4,0,0,1000000,1
37135.393999,4,0,0,1000000,1
37138.125632,4,0,0,1000000,1
37150.409717,4,0,0,1000000,1
37156.262119,4,0,0,1000000,1
37159.369824,4,0,0,1000000,1
37160.014720,4,0,0,1000000,1
37177.851374,4,0,0,1000000,1
37178.683837,4,0,0,1000000,1
37179.766036,4,0,0,1000000,1
37182.462885,4,0,0,1000000,1
37184.938224,4,0,0,1000000,1
37185.696832,4,0,0,1000000,1
37191.943402,4,0,0,1000000,1
37192.943249,4,0,0,1000000,1
37197.878749,4,0,0,1000000,1
37204.588283,4,0,0,1000000,1
37205.719470,4,0,0,1000000,1
37210.110756,4,0,0,1000000,1
37216.716798,4,0,0,1000000,1
37221.576697,4,0,0,1000000,1
37225.922361,4,0,0,1000000,1
37227.596517,4,0,0,1000000,1
37233.883656,4,0,0,1000000,1
37247.774555,4,0,0,1000000,1
37250.424405,4,0,0,1000000,1
37257.709578,4,0,0,1000000,1
37257.985759,4,0,0,1000000,1
37266.606285,4,0,0,1000000,1
37267.626827,4,0,0,1000000,1
37270.029671,4,0,0,1000000,1
37271.735131,4,0,0,1000000,1
37272.134233,4,0,0,1000000,1
37283.367242,4,0,0,1000000,1
37285.576941,4,0,0,1000000,1
37289.193047,4,0,0,1000000,1
37292.450371,4,0,0,1000000,1
37293.127932,4,0,0,1000000,1
37294.233278,4,0,0,1000000,1
37294.612081,4,0,0,1000000,1
37298.001662,4,0,0,1000000,1
37299.450964,4,0,0,1000000,1
37301.562321,4,0,0,1000000,1
37302.108973,4,0,0,1000000,1
37309.513467,4,0,0,1000000,1
37310.052186,4,0,0,1000000,1
37330.358166,4,0,0,1000000,1
37331.290242,4,0,0,1000000,1
37335.351230,4,0,0,1000000,1
37335.570546,4,0,0,1000000,1
37342.965250,4,0,0,1000000,1
37343.970172,4,0,0,1000000,1
37347.557910,4,0,0,1000000,1
37353.998348,4,0,0,1000000,1
37354.774803,4,0,0,1000000,1
37358.603232,4,0,0,1000000,1
37359.770192,4,0,0,1000000,1
37366.575823,4,0,0,1000000,1
37372.710626,4,0,0,1000000,1
37373.639147,4,0,0,1000000,1
37383.104787,4,0,0,1000000,1
37383.200259,4,0,0,1000000,1
37392.606377,4,0,0,1000000,1
37396.518770,4,0,0,1000000,1
37398.986242,4,0,0,1000000,1
37405.782966,4,0,0,1000000,1
37411.815601,4,0,0,1000000,1
37432.695676,4,0,0,1000000,1
37434.253229,4,0,0,1000000,1
37434.271397,4,0,0,1000000,1
37447.256869,4,0,0,1000000,1
37456.583624,4,0,0,1000000,1
37462.821937,4,0,0,1000000,1
37466.297448,4,0,0,1000000,1
37472.164580,4,0,0,1000000,1
37479.413630,4,0,0,1000000,1
37481.659299,4,0,0,1000000,1
37488.691057,4,0,0,1000000,1
37495.329496,4,0,0,1000000,1
37499.869906,4,0,0,1000000,1
37502.326541,4,0,0,1000000,1
37508.038830,4,0,0,1000000,1
37508.053732,4,0,0,1000000,1
37515.181648,4,0,0,1000000,1
37526.019715,4,0,0,1000000,1
37527.327222,4,0,0,1000000,1
37527.942434,4,0,0,1000000,1
37529.131820,4,0,0,1000000,1
37530.851066,4,0,0,1000000,1
37541.108109,4,0,0,1000000,1
37544.852934,4,0,0,1000000,1
37546.467950,4,0,0,1000000,1
37547.179748,4,0,0,1000000,1
37548.817824,4,0,0,1000000,1
37553.366395,4,0,0,1000000,1
37555.239042,4,0,0,1000000,1
37558.161102,4,0,0,1000000,1
37560.967907,4,0,0,1000000,1
37569.385716,4,0,0,1000000,1
37572.042118,4,0,0,1000000,1
37574.069735,4,0,0,1000000,1
37579.441703,4,0,0,1000000,1
37580.638439,4,0,0,1000000,1
37583.648382,4,0,0,1000000,1
37585.455195,4,0,0,1000000,1
37590.167271,4,0,0,1000000,1
37600.198129,4,0,0,1000000,1
37603.035747,4,0,0,1000000,1
37610.371120,4,0,0,1000000,1
37613.289706,4,0,0,1000000,1
37618.393697,4,0,0,1000000,1
37619.069495,4,0,0,1000000,1
37621.781492,4,0,0,1000000,1
37633.255069,4,0,0,1000000,1
37637.700866,4,0,0,1000000,1
37644.659350,4,0,0,1000000,1
37648.017744,4,0,0,1000000,1
37651.312435,4,0,0,1000000,1
37660.159602,4,0,0,1000000,1
37660.495231,4,0,0,1000000,1
37664.565923,4,0,0,1000000,1
37678.239339,4,0,0,1000000,1
37681.726449,4,0,0,1000000,1
37682.760122,4,0,0,1000000,1
37691.763138,4,0,0,1000000,1
37693.148716,4,0,0,1000000,1
37698.915289,4,0,0,1000000,1
37702.629809,4,0,0,1000000,1
37716.839433,4,0,0,1000000,1
37721.519349,4,0,0,1000000,1
37730.219059,4,0,0,1000000,1
37730.257129,4,0,0,1000000,1
37751.964362,4,0,0,1000000,1
37752.351067,4,0,0,1000000,1
37754.209526,4,0,0,1000000,1
37768.174761,4,0,0,1000000,1
37768.217682,4,0,0,1000000,1
37776.487471,4,0,0,1000000,1
37785.927039,4,0,0,1000000,1
37788.697128,4,0,0,1000000,1
37790.109005,4,0,0,1000000,1
37797.866834,4,0,0,1000000,1
37800.972990,4,0,0,1000000,1
37801.662560,4,0,0,1000000,1
37814.229151,4,0,0,1000000,1
37825.046653,4,0,0,1000000,1
37828.279744,4,0,0,1000000,1
37837.566482,4,0,0,1000000,1
37840.158573,4,0,0,1000000,1
37845.657109,4,0,0,1000000,1
37848.082874,4,0,0,1000000,1
37851.451329,4,0,0,1000000,1
37852.455930,4,0,0,1000000,1
37868.478925,4,0,0,1000000,1
37870.144494,4,0,0,1000000,1
37870.666527,4,0,0,1000000,1
37871.411507,4,0,0,1000000,1
37871.479347,4,0,0,1000000,1
37877.495406,4,0,0,1000000,1
37881.468813,4,0,0,1000000,1
37889.034074,4,0,0,1000000,1
37892.415486,4,0,0,1000000,1
37899.917013,4,0,0,1000000,1
37905.604985,4,0,0,1000000,1
37912.795996,4,0,0,1000000,1
37915.289670,4,0,0,1000000,1
37920.277470,4,0,0,1000000,1
37921.224866,4,0,0,1000000,1
37923.081143,4,0,0,1000000,1
37923.986822,4,0,0,1000000,1
37926.497879,4,0,0,1000000,1
37927.818618,4,0,0,1000000,1
37930.315831,4,0,0,1000000,1
37947.991376,4,0,0,1000000,1
37949.837088,4,0,0,1000000,1
37969.172366,4,0,0,1000000,1
37974.007062,4,0,0,1000000,1
37976.254376,4,0,0,1000000,1
37985.567271,4,0,0,1000000,1
37990.187127,4,0,0,1000000,1
37991.575223,4,0,0,1000000,1
37999.100566,4,0,0,1000000,1
38001.812200,4,0,0,1000000,1
38003.926900,4,0,0,1000000,1
38005.843159,4,0,0,1000000,1
38011.556409,4,0,0,1000000,1
38013.051896,4,0,0,1000000,1
38020.947064,4,0,0,1000000,1
38022.619908,4,0,0,1000000,1
38026.374735,4,0,0,1000000,1
38029.573880,4,0,0,1000000,1
38038.815927,4,0,0,1000000,1
38049.297094,4,0,0,1000000,1
38050.271316,4,0,0,1000000,1
38054.479230,4,0,0,1000000,1
38065.400549,4,0,0,1000000,1
38068.224583,4,0,0,1000000,1
38080.410522,4,0,0,1000000,1
38081.974077,4,0,0,1000000,1
38086.460661,4,0,0,1000000,1
38091.943951,4,0,0,1000000,1
38093.182149,4,0,0,1000000,1
38093.248415,4,0,0,1000000,1
38095.825287,4,0,0,1000000,1
38109.153953,4,0,0,1000000,1
38111.162098,4,0,0,1000000,1
38118.394076,4,0,0,1000000,1
38119.312086,4,0,0,1000000,1
38121.312414,4,0,0,1000000,1
38122.058971,4,0,0,1000000,1
38128.088935,4,0,0,1000000,1
38133.832906,4,0,0,1000000,1
38139.408046,4,0,0,1000000,1
38140.804860,4,0,0,1000000,1
38146.439645,4,0,0,1000000,1
38147.672222,4,0,0,1000000,1
38150.314487,4,0,0,1000000,1
38152.537623,4,0,0,1000000,1
38154.635959,4,0,0,1000000,1
38154.919813,4,0,0,1000000,1
38159.693659,4,0,0,1000000,1
38165.566672,4,0,0,1000000,1
38170.111749,4,0,0,1000000,1
38175.106911,4,0,0,1000000,1
38175.997225,4,0,0,1000000,1
38176.770955,4,0,0,1000000,1
38180.221670,4,0,0,1000000,1
38190.174141,4,0,0,1000000,1
38191.145838,4,0,0,1000000,1
38194.116406,4,0,0,1000000,1
38196.794389,4,0,0,1000000,1
38200.081787,4,0,0,1000000,1
38200.923801,4,0,0,1000000,1
38202.927674,4,0,0,1000000,1
38204.379118,4,0,0,1000000,1
38213.276050,4,0,0,1000000,1
38220.977111,4,0,0,1000000,1
38223.635938,4,0,0,1000000,1
38228.100386,4,0,0,1000000,1
38228.851795,4,0,0,1000000,1
38232.257837,4,0,0,1000000,1
38233.941941,4,0,0,1000000,1
38243.328058,4,0,0,1000000,1
38248.650674,4,0,0,1000000,1
38253.448292,4,0,0,1000000,1
38254.085214,4,0,0,1000000,1
38257.125237,4,0,0,1000000,1
38277.729290,4,0,0,1000000,1
38291.888996,4,0,0,1000000,1
38296.840496,4,0,0,1000000,1
38297.627046,4,0,0,1000000,1
38302.498960,4,0,0,1000000,1
38306.485157,4,0,0,1000000,1
38309.507858,4,0,0,1000000,1
38312.178357,4,0,0,1000000,1
38316.549508,4,0,0,1000000,1
38325.616782,4,0,0,1000000,1
38332.264752,4,0,0,1000000,1
38336.404132,4,0,0,1000000,1
38348.766793,4,0,0,1000000,1
38349.086721,4,0,0,1000000,1
38371.790729,4,0,0,1000000,1
38372.051002,4,0,0,1000000,1
38373.114615,4,0,0,1000000,1
38375.741151,4,0,0,1000000,1
38376.284822,4,0,0,1000000,1
38380.956268,4,0,0,1000000,1
38381.191360,4,0,0,1000000,1
38382.792406,4,0,0,1000000,1
38383.093445,4,0,0,1000000,1
38388.904841,4,0,0,1000000,1
38394.181938,4,0,0,1000000,1
38396.456019,4,0,0,1000000,1
38397.452621,4,0,0,1000000,1
38404.022181,4,0,0,1000000,1
38406.011092,4,0,0,1000000,1
38413.593202,4,0,0,1000000,1
38416.792156,4,0,0,1000000,1
38420.357323,4,0,0,1000000,1
38420.495487,4,0,0,1000000,1
38425.435505,4,0,0,1000000,1
38427.499477,4,0,0,1000000,1
38428.743868,4,0,0,1000000,1
38431.463474,4,0,0,1000000,1
38433.767547,4,0,0,1000000,1
38436.800362,4,0,0,1000000,1
38455.377922,4,0,0,1000000,1
38457.543985,4,0,0,1000000,1
38464.661581,4,0,0,1000000,1
38468.507936,4,0,0,1000000,1
38479.021101,4,0,0,1000000,1
38481.116805,4,0,0,1000000,1
38482.463449,4,0,0,1000000,1
38494.027871,4,0,0,1000000,1
38494.240630,4,0,0,1000000,1
38508.632807,4,0,0,1000000,1
38512.518218,4,0,0,1000000,1
38514.775273,4,0,0,1000000,1
38540.151514,4,0,0,1000000,1
38540.438959,4,0,0,1000000,1
38543.914645,4,0,0,1000000,1
38544.065649,4,0,0,1000000,1
38548.112914,4,0,0,1000000,1
38549.064241,4,0,0,1000000,1
38553.829175,4,0,0,1000000,1
38572.754663,4,0,0,1000000,1
38582.690669,4,0,0,1000000,1
38585.564315,4,0,0,1000000,1
38591.456053,4,0,0,1000000,1
38598.638900,4,0,0,1000000,1
38601.903096,4,0,0,1000000,1
38605.497212,4,0,0,1000000,1
38606.278466,4,0,0,1000000,1
38608.482445,4,0,0,1000000,1
38609.215740,4,0,0,1000000,1
38615.419675,4,0,0,1000000,1
38618.518065,4,0,0,1000000,1
38621.365992,4,0,0,1000000,1
38631.745948,4,0,0,1000000,1
38635.330800,4,0,0,1000000,1
38637.845524,4,0,0,1000000,1
38639.342592,4,0,0,1000000,1
38639.699833,4,0,0,1000000,1
38642.288292,4,0,0,1000000,1
38642.413007,4,0,0,1000000,1
38644.057886,4,0,0,1000000,1
38647.404798,4,0,0,1000000,1
38663.558464,4,0,0,1000000,1
38664.112183,4,0,0,1000000,1
38669.455844,4,0,0,1000000,1
38672.768441,4,0,0,1000000,1
38679.943336,4,0,0,1000000,1
38680.684360,4,0,0,1000000,1
38681.099593,4,0,0,1000000,1
38683.535118,4,0,0,1000000,1
38691.156175,4,0,0,1000000,1
38692.173321,4,0,0,1000000,1
38699.152398,4,0,0,1000000,1
38700.791508,4,0,0,1000000,1
38701.960142,4,0,0,1000000,1
38702.040717,4,0,0,1000000,1
38704.471793,4,0,0,1000000,1
38706.765149,4,0,0,1000000,1
38711.912659,4,0,0,1000000,1
38712.264270,4,0,0,1000000,1
38713.055776,4,0,0,1000000,1
38713.135673,4,0,0,1000000,1
38713.713138,4,0,0,1000000,1
38718.755786,4,0,0,1000000,1
38721.218746,4,0,0,1000000,1
38723.069433,4,0,0,1000000,1
38726.971090,4,0,0,1000000,1
38751.013959,4,0,0,1000000,1
38759.611758,4,0,0,1000000,1
38765.360747,4,0,0,1000000,1
38777.330797,4,0,0,1000000,1
38777.524576,4,0,0,1000000,1
38777.873178,4,0,0,1000000,1
38780.944165,4,0,0,1000000,1
38782.997189,4,0,0,1000000,1
38796.231238,4,0,0,1000000,1
38799.445750,4,0,0,1000000,1
38803.153912,4,0,0,1000000,1
38813.938920,4,0,0,1000000,1
38816.767425,4,0,0,1000000,1
38826.785591,4,0,0,1000000,1
38828.183593,4,0,0,1000000,1
38829.712922,4,0,0,1000000,1
38831.615528,4,0,0,1000000,1
38835.406592,4,0,0,1000000,1
38836.595026,4,0,0,1000000,1
38841.915180,4,0,0,1000000,1
38842.651664,4,0,0,1000000,1
38843.124055,4,0,0,1000000,1
38852.883366,4,0,0,1000000,1
38854.175521,4,0,0,1000000,1
38856.507046,4,0,0,1000000,1
38860.558397,4,0,0,1000000,1
38864.124899,4,0,0,1000000,1
38864.502849,4,0,0,1000000,1
38874.409272,4,0,0,1000000,1
38888.838689,4,0,0,1000000,1
38896.840483,4,0,0,1000000,1
38898.436039,4,0,0,1000000,1
38902.023198,4,0,0,1000000,1
38904.005140,4,0,0,1000000,1
38907.871843,4,0,0,1000000,1
38925.391969,4,0,0,1000000,1
38927.177465,4,0,0,1000000,1
38932.459473,4,0,0,1000000,1
38934.345071,4,0,0,1000000,1
38941.464089,4,0,0,1000000,1
38943.348572,4,0,0,1000000,1
38953.891849,4,0,0,1000000,1
38960.551100,4,0,0,1000000,1
38967.425428,4,0,0,1000000,1
38970.455450,4,0,0,1000000,1
38971.586831,4,0,0,1000000,1
38971.789310,4,0,0,1000000,1
38973.645649,4,0,0,1000000,1
38973.826424,4,0,0,1000000,1
38979.484499,4,0,0,1000000,1
38984.788979,4,0,0,1000000,1
38987.479866,4,0,0,1000000,1
38994.459185,4,0,0,1000000,1
38998.129695,4,0,0,1000000,1
38998.324127,4,0,0,1000000,1
38999.016207,4,0,0,1000000,1
39000.043657,4,0,0,1000000,1
39001.998519,4,0,0,1000000,1
39002.255353,4,0,0,1000000,1
39006.696762,4,0,0,1000000,1
39010.126723,4,0,0,1000000,1
39014.719943,4,0,0,1000000,1
39017.426666,4,0,0,1000000,1
39026.422177,4,0,0,1000000,1
39029.315246,4,0,0,1000000,1
39029.389448,4,0,0,1000000,1
39039.255869,4,0,0,1000000,1
39044.359474,4,0,0,1000000,1
39052.636630,4,0,0,1000000,1
39067.129075,4,0,0,1000000,1
39067.378850,4,0,0,1000000,1
39068.659762,4,0,0,1000000,1
39068.972559,4,0,0,1000000,1
39071.590038,4,0,0,1000000,1
39081.120616,4,0,0,1000000,1
39081.527625,4,0,0,1000000,1
39084.590493,4,0,0,1000000,1
39085.231740,4,0,0,1000000,1
39092.317141,4,0,0,1000000,1
39101.119558,4,0,0,1000000,1
39101.331101,4,0,0,1000000,1
39104.516445,4,0,0,1000000,1
39105.824550,4,0,0,1000000,1
39120.386694,4,0,0,1000000,1
39134.155427,4,0,0,1000000,1
39138.704778,4,0,0,1000000,1
39156.056823,4,0,0,1000000,1
39158.078326,4,0,0,1000000,1
39168.983035,4,0,0,1000000,1
39171.708653,4,0,0,1000000,1
39172.994210,4,0,0,1000000,1
39186.508733,4,0,0,1000000,1
39192.018655,4,0,0,1000000,1
39192.339461,4,0,0,1000000,1
39202.107364,4,0,0,1000000,1
39207.884397,4,0,0,1000000,1
39212.323509,4,0,0,1000000,1
39218.624352,4,0,0,1000000,1
39220.021441,4,0,0,1000000,1
39224.407158,4,0,0,1000000,1
39232.463098,4,0,0,1000000,1
39232.729023,4,0,0,1000000,1
39233.397502,4,0,0,1000000,1
39242.230874,4,0,0,1000000,1
39246.835164,4,0,0,1000000,1
39250.457287,4,0,0,1000000,1
39251.821526,4,0,0,1000000,1
39253.492943,4,0,0,1000000,1
39263.345002,4,0,0,1000000,1
39265.962547,4,0,0,1000000,1
39266.280893,4,0,0,1000000,1
39277.145266,4,0,0,1000000,1
39278.232135,4,0,0,1000000,1
39286.597176,4,0,0,1000000,1
39296.803091,4,0,0,1000000,1
39299.991321,4,0,0,1000000,1
39304.352879,4,0,0,1000000,1
39307.934177,4,0,0,1000000,1
39312.620263,4,0,0,1000000,1
39321.851922,4,0,0,1000000,1
39323.436396,4,0,0,1000000,1
39333.723241,4,0,0,1000000,1
39337.731811,4,0,0,1000000,1
39338.316329,4,0,0,1000000,1
39339.547073,4,0,0,1000000,1
39343.879172,4,0,0,1000000,1
39345.187498,4,0,0,1000000,1
39345.860955,4,0,0,1000000,1
39346.704890,4,0,0,1000000,1
39355.612459,4,0,0,1000000,1
39360.018495,4,0,0,1000000,1
39375.851206,4,0,0,1000000,1
39377.878679,4,0,0,1000000,1
39382.206552,4,0,0,1000000,1
39386.574312,4,0,0,1000000,1
39391.145631,4,0,0,1000000,1
39391.437213,4,0,0,1000000,1
39398.069769,4,0,0,1000000,1
39412.221191,4,0,0,1000000,1
39415.878024,4,0,0,1000000,1
39416.900378,4,0,0,1000000,1
39423.583139,4,0,0,1000000,1
39423.618252,4,0,0,1000000,1
39425.520109,4,0,0,1000000,1
39437.452169,4,0,0,1000000,1
39441.695012,4,0,0,1000000,1
39450.931572,4,0,0,1000000,1
39455.367601,4,0,0,1000000,1
39463.633297,4,0,0,1000000,1
39473.747628,4,0,0,1000000,1
39475.598033,4,0,0,1000000,1
39476.225153,4,0,0,1000000,1
39482.332231,4,0,0,1000000,1
39485.106727,4,0,0,1000000,1
39485.754498,4,0,0,1000000,1
39490.014282,4,0,0,1000000,1
39490.189874,4,0,0,1000000,1
39491.257589,4,0,0,1000000,1
39498.678973,4,0,0,1000000,1
39498.737148,4,0,0,1000000,1
39500.464955,4,0,0,1000000,1
39500.568240,4,0,0,1000000,1
39529.178832,4,0,0,1000000,1
39533.348644,4,0,0,1000000,1
39535.008532,4,0,0,1000000,1
39547.648591,4,0,0,1000000,1
39551.030386,4,0,0,1000000,1
39553.929001,4,0,0,1000000,1
39558.166090,4,0,0,1000000,1
39559.632174,4,0,0,1000000,1
39561.373329,4,0,0,1000000,1
39563.594428,4,0,0,1000000,1
39564.934294,4,0,0,1000000,1
39569.132981,4,0,0,1000000,1
39574.822241,4,0,0,1000000,1
39575.179147,4,0,0,1000000,1
39592.116297,4,0,0,1000000,1
39598.801858,4,0,0,1000000,1
39606.644588,4,0,0,1000000,1
39613.302543,4,0,0,1000000,1
39613.701424,4,0,0,1000000,1
39616.842811,4,0,0,1000000,1
39619.663013,4,0,0,1000000,1
39624.998371,4,0,0,1000000,1
39627.845070,4,0,0,1000000,1
39633.669286,4,0,0,1000000,1
39639.140422,4,0,0,1000000,1
39644.850193,4,0,0,1000000,1
39649.457676,4,0,0,1000000,1
39650.240035,4,0,0,1000000,1
39657.077660,4,0,0,1000000,1
39664.337968,4,0,0,1000000,1
39675.544584,4,0,0,1000000,1
39676.817361,4,0,0,1000000,1
39677.746636,4,0,0,1000000,1
39680.117993,4,0,0,1000000,1
39681.965430,4,0,0,1000000,1
39690.043538,4,0,0,1000000,1
39694.587838,4,0,0,1000000,1
39701.409490,4,0,0,1000000,1
39704.076878,4,0,0,1000000,1
39704.577530,4,0,0,1000000,1
39705.161681,4,0,0,1000000,1
39707.396131,4,0,0,1000000,1
39708.426139,4,0,0,1000000,1
39716.642740,4,0,0,1000000,1
39721.018262,4,0,0,1000000,1
39726.598744,4,0,0,1000000,1
39729.827746,4,0,0,1000000,1
39730.268967,4,0,0,1000000,1
39731.549916,4,0,0,1000000,1
39734.509488,4,0,0,1000000,1
39735.567706,4,0,0,1000000,1
39735.691061,4,0,0,1000000,1
39741.939023,4,0,0,1000000,1
39748.108480,4,0,0,1000000,1
39750.025559,4,0,0,1000000,1
39758.890842,4,0,0,1000000,1
39761.564727,4,0,0,1000000,1
39771.125484,4,0,0,1000000,1
39776.241114,4,0,0,1000000,1
39780.399568,4,0,0,1000000,1
39781.470543,4,0,0,1000000,1
39785.074942,4,0,0,1000000,1
39795.822313,4,0,0,1000000,1
39797.561443,4,0,0,1000000,1
39807.348595,4,0,0,1000000,1
39818.792396,4,0,0,1000000,1
39820.705570,4,0,0,1000000,1
39826.198211,4,0,0,1000000,1
39837.167473,4,0,0,1000000,1
39837.543732,4,0,0,1000000,1
39847.622670,4,0,0,1000000,1
39848.634872,4,0,0,1000000,1
39857.695747,4,0,0,1000000,1
39862.953602,4,0,0,1000000,1
39864.971296,4,0,0,1000000,1
39865.755878,4,0,0,1000000,1
39870.578300,4,0,0,1000000,1
39879.576560,4,0,0,1000000,1
39887.822662,4,0,0,1000000,1
39892.552499,4,0,0,1000000,1
39907.516011,4,0,0,1000000,1
39911.776953,4,0,0,1000000,1
39912.830648,4,0,0,1000000,1
39915.511967,4,0,0,1000000,1
39917.474622,4,0,0,1000000,1
39940.521219,4,0,0,1000000,1
39942.808054,4,0,0,1000000,1
39966.325657,4,0,0,1000000,1
39969.822136,4,0,0,1000000,1
39970.725939,4,0,0,1000000,1
39971.096394,4,0,0,1000000,1
39973.307244,4,0,0,1000000,1
39973.936894,4,0,0,1000000,1
39978.748156,4,0,0,1000000,1
39981.302104,4,0,0,1000000,1
40003.773841,4,0,0,1000000,1
40016.482075,4,0,0,1000000,1
40017.254621,4,0,0,1000000,1
40019.655769,4,0,0,1000000,1
40022.615143,4,0,0,1000000,1
40026.549748,4,0,0,1000000,1
40033.795183,4,0,0,1000000,1
40036.987542,4,0,0,1000000,1
40039.591285,4,0,0,1000000,1
40041.043502,4,0,0,1000000,1
40052.596490,4,0,0,1000000,1
40052.704151,4,0,0,1000000,1
40060.930773,4,0,0,1000000,1
40061.928990,4,0,0,1000000,1
40067.462262,4,0,0,1000000,1
40069.559868,4,0,0,1000000,1
40087.044488,4,0,0,1000000,1
40087.670613,4,0,0,1000000,1
40088.663541,4,0,0,1000000,1
40099.190149,4,0,0,1000000,1
40103.375727,4,0,0,1000000,1
40105.144193,4,0,0,1000000,1
40105.147849,4,0,0,1000000,1
40106.382283,4,0,0,1000000,1
40107.133345,4,0,0,1000000,1
40108.220532,4,0,0,1000000,1
40119.054262,4,0,0,1000000,1
40128.921672,4,0,0,1000000,1
40134.681276,4,0,0,1000000,1
40137.720484,4,0,0,1000000,1
40146.110580,4,0,0,1000000,1
40149.384090,4,0,0,1000000,1
40151.543469,4,0,0,1000000,1
40153.084617,4,0,0,1000000,1
40165.449604,4,0,0,1000000,1
40167.788806,4,0,0,1000000,1
40171.034470,4,0,0,1000000,1
40172.437960,4,0,0,1000000,1
40182.774863,4,0,0,1000000,1
40185.085101,4,0,0,1000000,1
40186.773475,4,0,0,1000000,1
40192.817369,4,0,0,1000000,1
40193.829752,4,0,0,1000000,1
40194.430988,4,0,0,1000000,1
40203.101867,4,0,0,1000000,1
40209.617528,4,0,0,1000000,1
40213.885439,4,0,0,1000000,1
40215.215469,4,0,0,1000000,1
40219.881542,4,0,0,1000000,1
40224.743247,4,0,0,1000000,1
40226.640220,4,0,0,1000000,1
40226.974221,4,0,0,1000000,1
40237.130583,4,0,0,1000000,1
40240.075570,4,0,0,1000000,1
40246.974947,4,0,0,1000000,1
40248.374915,4,0,0,1000000,1
40252.652954,4,0,0,1000000,1
40255.329790,4,0,0,1000000,1
40257.631024,4,0,0,1000000,1
40258.278673,4,0,0,1000000,1
40259.617392,4,0,0,1000000,1
40260.012536,4,0,0,1000000,1
40261.737000,4,0,0,1000000,1
40268.207458,4,0,0,1000000,1
40272.770220,4,0,0,1000000,1
40278.104680,4,0,0,1000000,1
40278.144920,4,0,0,1000000,1
40283.567233,4,0,0,1000000,1
40286.910981,4,0,0,1000000,1
40288.165948,4,0,0,1000000,1
40289.084886,4,0,0,1000000,1
40290.062617,4,0,0,1000000,1
40298.951349,4,0,0,1000000,1
40318.313687,4,0,0,1000000,1
40330.026527,4,0,0,1000000,1
40332.066364,4,0,0,1000000,1
40339.308776,4,0,0,1000000,1
40343.088131,4,0,0,1000000,1
40351.191314,4,0,0,1000000,1
40354.351466,4,0,0,1000000,1
40358.612737,4,0,0,1000000,1
40366.010746,4,0,0,1000000,1
40366.515616,4,0,0,1000000,1
40370.196424,4,0,0,1000000,1
40372.374575,4,0,0,1000000,1
40376.806191,4,0,0,1000000,1
40392.051418,4,0,0,1000000,1
40394.436326,4,0,0,1000000,1
40396.822416,4,0,0,1000000,1
40404.296834,4,0,0,1000000,1
40409.248237,4,0,0,1000000,1
40411.641506,4,0,0,1000000,1
40417.223675,4,0,0,1000000,1
40419.697408,4,0,0,1000000,1
40420.396786,4,0,0,1000000,1
40423.260041,4,0,0,1000000,1
40425.205958,4,0,0,1000000,1
40426.381172,4,0,0,1000000,1
40438.812287,4,0,0,1000000,1
40444.404984,4,0,0,1000000,1
40448.770785,4,0,0,1000000,1
40455.333786,4,0,0,1000000,1
40459.066119,4,0,0,1000000,1
40464.829611,4,0,0,1000000,1
40477.579255,4,0,0,1000000,1
40487.067461,4,0,0,1000000,1
40487.943407,4,0,0,1000000,1
40489.403009,4,0,0,1000000,1
40489.758180,4,0,0,1000000,1
40508.150532,4,0,0,1000000,1
40509.439652,4,0,0,1000000,1
40514.604782,4,0,0,1000000,1
40515.053647,4,0,0,1000000,1
40516.185067,4,0,0,1000000,1
40519.525388,4,0,0,1000000,1
40520.055393,4,0,0,1000000,1
40522.409310,4,0,0,1000000,1
40526.100253,4,0,0,1000000,1
40528.080657,4,0,0,1000000,1
40531.960611,4,0,0,1000000,1
40535.638955,4,0,0,1000000,1
40538.006478,4,0,0,1000000,1
40543.702404,4,0,0,1000000,1
40549.126285,4,0,0,1000000,1
40554.683136,4,0,0,1000000,1
40558.623651,4,0,0,1000000,1
40560.742584,4,0,0,1000000,1
40565.281772,4,0,0,1000000,1
40578.401724,4,0,0,1000000,1
40582.744555,4,0,0,1000000,1
40601.347067,4,0,0,1000000,1
40604.127200,4,0,0,1000000,1
40610.559083,4,0,0,1000000,1
40610.742296,4,0,0,1000000,1
40617.658991,4,0,0,1000000,1
40621.150281,4,0,0,1000000,1
40621.175762,4,0,0,1000000,1
40622.727459,4,0,0,1000000,1
40626.385867,4,0,0,1000000,1
40633.368767,4,0,0,1000000,1
40633.629535,4,0,0,1000000,1
40637.436358,4,0,0,1000000,1
40645.153301,4,0,0,1000000,1
40650.165759,4,0,0,1000000,1
40662.976868,4,0,0,1000000,1
40663.348137,4,0,0,1000000,1
40664.897232,4,0,0,1000000,1
40676.924871,4,0,0,1000000,1
40683.847228,4,0,0,1000000,1
40688.223995,4,0,0,1000000,1
40696.778144,4,0,0,1000000,1
40707.599025,4,0,0,1000000,1
40724.814741,4,0,0,1000000,1
40755.961488,4,0,0,1000000,1
40756.680473,4,0,0,1000000,1
40757.030148,4,0,0,1000000,1
40757.394887,4,0,0,1000000,1
40757.465887,4,0,0,1000000,1
40774.526402,4,0,0,1000000,1
40775.002312,4,0,0,1000000,1
40783.814223,4,0,0,1000000,1
40789.338622,4,0,0,1000000,1
40792.534368,4,0,0,1000000,1
40794.569266,4,0,0,1000000,1
40796.655310,4,0,0,1000000,1
40798.054959,4,0,0,1000000,1
40809.619313,4,0,0,1000000,1
40815.801399,4,0,0,1000000,1
40815.926959,4,0,0,1000000,1
40818.885814,4,0,0,1000000,1
40820.464710,4,0,0,1000000,1
40820.605213,4,0,0,1000000,1
40830.930304,4,0,0,1000000,1
40837.976295,4,0,0,1000000,1
40839.888688,4,0,0,1000000,1
40847.500251,4,0,0,1000000,1
40849.376434,4,0,0,1000000,1
40851.135472,4,0,0,1000000,1
40863.719325,4,0,0,1000000,1
40881.733341,4,0,0,1000000,1
40885.277250,4,0,0,1000000,1
40899.785528,4,0,0,1000000,1
40910.250024,4,0,0,1000000,1
40913.738844,4,0,0,1000000,1
40915.968275,4,0,0,1000000,1
40921.891162,4,0,0,1000000,1
40924.798123,4,0,0,1000000,1
40929.240696,4,0,0,1000000,1
40951.451626,4,0,0,1000000,1
40958.558767,4,0,0,1000000,1
40960.503657,4,0,0,1000000,1
40960.949203,4,0,0,1000000,1
40961.926481,4,0,0,1000000,1
40965.503578,4,0,0,1000000,1
40968.083553,4,0,0,1000000,1
40975.792459,4,0,0,1000000,1
40988.727555,4,0,0,1000000,1
40989.663720,4,0,0,1000000,1
40999.064020,4,0,0,1000000,1
41014.148657,4,0,0,1000000,1
41029.472036,4,0,0,1000000,1
41029.656535,4,0,0,1000000,1
41029.940027,4,0,0,1000000,1
41029.967819,4,0,0,1000000,1
41031.760113,4,0,0,1000000,1
41032.034054,4,0,0,1000000,1
41033.697232,4,0,0,1000000,1
41035.800825,4,0,0,1000000,1
41050.485544,4,0,0,1000000,1
41053.583367,4,0,0,1000000,1
41055.141936,4,0,0,1000000,1
41058.483996,4,0,0,1000000,1
41063.412284,4,0,0,1000000,1
41063.976010,4,0,0,1000000,1
41070.759176,4,0,0,1000000,1
41079.889821,4,0,0,1000000,1
41088.778241,4,0,0,1000000,1
41099.351090,4,0,0,1000000,1
41101.650327,4,0,0,1000000,1
41104.454450,4,0,0,1000000,1
41104.966480,4,0,0,1000000,1
41106.189845,4,0,0,1000000,1
41123.166357,4,0,0,1000000,1
41124.767404,4,0,0,1000000,1
41136.141053,4,0,0,1000000,1
41146.715886,4,0,0,1000000,1
41158.940905,4,0,0,1000000,1
41159.752454,4,0,0,1000000,1
41169.876258,4,0,0,1000000,1
41174.654627,4,0,0,1000000,1
41175.785182,4,0,0,1000000,1
41177.808542,4,0,0,1000000,1
41178.641489,4,0,0,1000000,1
41181.450281,4,0,0,1000000,1
41181.868498,4,0,0,1000000,1
41182.732269,4,0,0,1000000,1
41183.782172,4,0,0,1000000,1
41189.396294,4,0,0,1000000,1
41193.472933,4,0,0,1000000,1
41203.348966,4,0,0,1000000,1
41204.690009,4,0,0,1000000,1
41209.437473,4,0,0,1000000,1
41209.604955,4,0,0,1000000,1
41213.075620,4,0,0,1000000,1
41222.585090,4,0,0,1000000,1
41242.389141,4,0,0,1000000,1
41242.436568,4,0,0,1000000,1
41243.829833,4,0,0,1000000,1
41245.041128,4,0,0,1000000,1
41245.273936,4,0,0,1000000,1
41245.322810,4,0,0,1000000,1
41248.543227,4,0,0,1000000,1
41248.765731,4,0,0,1000000,1
41250.324894,4,0,0,1000000,1
41255.208050,4,0,0,1000000,1
41256.876847,4,0,0,1000000,1
41258.378904,4,0,0,1000000,1
41262.647119,4,0,0,1000000,1
41264.936249,4,0,0,1000000,1
41270.731609,4,0,0,1000000,1
41274.007941,4,0,0,1000000,1
41278.802108,4,0,0,1000000,1
41280.886277,4,0,0,1000000,1
41282.503521,4,0,0,1000000,1
41283.186847,4,0,0,1000000,1
41296.407836,4,0,0,1000000,1
41304.217946,4,0,0,1000000,1
41317.511515,4,0,0,1000000,1
41318.491578,4,0,0,1000000,1
41331.423343,4,0,0,1000000,1
41344.544556,4,0,0,1000000,1
41346.138395,4,0,0,1000000,1
41347.673154,4,0,0,1000000,1
41351.505251,4,0,0,1000000,1
41352.484779,4,0,0,1000000,1
41355.274280,4,0,0,1000000,1
41356.253974,4,0,0,1000000,1
41370.329073,4,0,0,1000000,1
41373.583642,4,0,0,1000000,1
41389.462586,4,0,0,1000000,1
41394.412148,4,0,0,1000000,1
41397.577753,4,0,0,1000000,1
41413.985299,4,0,0,1000000,1
41414.723994,4,0,0,1000000,1
41419.506715,4,0,0,1000000,1
41424.690047,4,0,0,1000000,1
41427.409285,4,0,0,1000000,1
41427.701782,4,0,0,1000000,1
41430.945955,4,0,0,1000000,1
41433.936987,4,0,0,1000000,1
41441.794132,4,0,0,1000000,1
41443.211895,4,0,0,1000000,1
41445.585853,4,0,0,1000000,1
41446.898744,4,0,0,1000000,1
41452.442471,4,0,0,1000000,1
41474.399797,4,0,0,1000000,1
41475.333432,4,0,0,1000000,1
41483.568743,4,0,0,1000000,1
41484.824207,4,0,0,1000000,1
41485.109689,4,0,0,1000000,1
41485.824049,4,0,0,1000000,1
41498.900821,4,0,0,1000000,1
41509.388659,4,0,0,1000000,1
41511.020787,4,0,0,1000000,1
41525.131274,4,0,0,1000000,1
41534.197294,4,0,0,1000000,1
41536.923418,4,0,0,1000000,1
41539.940577,4,0,0,1000000,1
41544.691205,4,0,0,1000000,1
41545.513427,4,0,0,1000000,1
41545.584613,4,0,0,1000000,1
41547.059633,4,0,0,1000000,1
41547.134030,4,0,0,1000000,1
41552.499051,4,0,0,1000000,1
41556.331545,4,0,0,1000000,1
41558.186611,4,0,0,1000000,1
41565.428540,4,0,0,1000000,1
41566.181739,4,0,0,1000000,1
41567.524342,4,0,0,1000000,1
41569.177049,4,0,0,1000000,1
41570.219430,4,0,0,1000000,1
41570.659419,4,0,0,1000000,1
41580.410799,4,0,0,1000000,1
41580.852099,4,0,0,1000000,1
41586.354342,4,0,0,1000000,1
41586.967563,4,0,0,1000000,1
41587.018980,4,0,0,1000000,1
41590.913682,4,0,0,1000000,1
41602.272535,4,0,0,1000000,1
41611.686172,4,0,0,1000000,1
41613.661133,4,0,0,1000000,1
41613.792748,4,0,0,1000000,1
41621.506444,4,0,0,1000000,1
41629.344781,4,0,0,1000000,1
41639.041767,4,0,0,1000000,1
41644.336058,4,0,0,1000000,1
41652.218798,4,0,0,1000000,1
41663.107044,4,0,0,1000000,1
41665.998107,4,0,0,1000000,1
41669.898827,4,0,0,1000000,1
41673.271046,4,0,0,1000000,1
41678.899990,4,0,0,1000000,1
41684.390105,4,0,0,1000000,1
41687.901602,4,0,0,1000000,1
41696.328677,4,0,0,1000000,1
41699.697493,4,0,0,1000000,1
41708.025025,4,0,0,1000000,1
41709.607539,4,0,0,1000000,1
41710.547369,4,0,0,1000000,1
41727.288137,4,0,0,1000000,1
41733.762941,4,0,0,1000000,1
41735.200878,4,0,0,1000000,1
41739.361610,4,0,0,1000000,1
41754.212773,4,0,0,1000000,1
41754.615255,4,0,0,1000000,1
41755.032217,4,0,0,1000000,1
41759.646398,4,0,0,1000000,1
41760.861660,4,0,0,1000000,1
41767.787655,4,0,0,1000000,1
41771.801339,4,0,0,1000000,1
41777.045848,4,0,0,1000000,1
41777.591153,4,0,0,1000000,1
41778.012022,4,0,0,1000000,1
41782.701929,4,0,0,1000000,1
41785.221837,4,0,0,1000000,1
41785.658232,4,0,0,1000000,1
41787.874841,4,0,0,1000000,1
41793.205411,4,0,0,1000000,1
41794.210223,4,0,0,1000000,1
41805.016671,4,0,0,1000000,1
41819.321608,4,0,0,1000000,1
41834.899547,4,0,0,1000000,1
41841.159622,4,0,0,1000000,1
41843.651731,4,0,0,1000000,1
41850.160172,4,0,0,1000000,1
41851.783742,4,0,0,1000000,1
41853.588125,4,0,0,1000000,1
41858.038981,4,0,0,1000000,1
41862.357667,4,0,0,1000000,1
41872.439485,4,0,0,1000000,1
41873.844017,4,0,0,1000000,1
41880.790502,4,0,0,1000000,1
41894.320018,4,0,0,1000000,1
41894.324958,4,0,0,1000000,1
41897.414911,4,0,0,1000000,1
41902.530192,4,0,0,1000000,1
41911.390258,4,0,0,1000000,1
41912.360701,4,0,0,1000000,1
41921.629353,4,0,0,1000000,1
41923.795321,4,0,0,1000000,1
41934.445944,4,0,0,1000000,1
41934.580276,4,0,0,1000000,1
41935.006928,4,0,0,1000000,1
41954.055976,4,0,0,1000000,1
41958.550764,4,0,0,1000000,1
41961.135087,4,0,0,1000000,1
41962.021219,4,0,0,1000000,1
41967.038019,4,0,0,1000000,1
41967.218110,4,0,0,1000000,1
41969.002988,4,0,0,1000000,1
41970.870974,4,0,0,1000000,1
41975.340612,4,0,0,1000000,1
41980.370128,4,0,0,1000000,1
41989.314260,4,0,0,1000000,1
42001.863126,4,0,0,1000000,1
42007.026275,4,0,0,1000000,1
42011.152191,4,0,0,1000000,1
42013.583715,4,0,0,1000000,1
42029.833676,4,0,0,1000000,1
42030.633511,4,0,0,1000000,1
42041.410605,4,0,0,1000000,1
42043.191312,4,0,0,1000000,1
42046.992157,4,0,0,1000000,1
42052.469617,4,0,0,1000000,1
42053.759273,4,0,0,1000000,1
42054.636912,4,0,0,1000000,1
42058.031939,4,0,0,1000000,1
42065.534450,4,0,0,1000000,1
42071.170080,4,0,0,1000000,1
42071.775550,4,0,0,1000000,1
42082.817517,4,0,0,1000000,1
42085.940873,4,0,0,1000000,1
42099.952877,4,0,0,1000000,1
42103.806357,4,0,0,1000000,1
42104.229935,4,0,0,1000000,1
42105.311301,4,0,0,1000000,1
42114.516529,4,0,0,1000000,1
42120.366907,4,0,0,1000000,1
42131.137294,4,0,0,1000000,1
42133.045488,4,0,0,1000000,1
42136.634213,4,0,0,1000000,1
42141.657803,4,0,0,1000000,1
42145.969931,4,0,0,1000000,1
42147.228345,4,0,0,1000000,1
42149.888691,4,0,0,1000000,1
42151.251790,4,0,0,1000000,1
42160.182291,4,0,0,1000000,1
42180.823750,4,0,0,1000000,1
42181.153045,4,0,0,1000000,1
42187.135271,4,0,0,1000000,1
42189.050379,4,0,0,1000000,1
42193.744295,4,0,0,1000000,1
42195.171511,4,0,0,1000000,1
42200.203442,4,0,0,1000000,1
42202.420684,4,0,0,1000000,1
42204.090354,4,0,0,1000000,1
42215.694908,4,0,0,1000000,1
42229.346352,4,0,0,1000000,1
42233.890951,4,0,0,1000000,1
42235.044813,4,0,0,1000000,1
42248.446843,4,0,0,1000000,1
42255.082009,4,0,0,1000000,1
42261.729379,4,0,0,1000000,1
42262.866558,4,0,0,1000000,1
42271.340915,4,0,0,1000000,1
42272.653322,4,0,0,1000000,1
42277.426832,4,0,0,1000000,1
42283.356077,4,0,0,1000000,1
42289.839110,4,0,0,1000000,1
42292.203921,4,0,0,1000000,1
42299.022061,4,0,0,1000000,1
42310.170855,4,0,0,1000000,1
42314.402709,4,0,0,1000000,1
42314.855667,4,0,0,1000000,1
42315.515717,4,0,0,1000000,1
42316.047372,4,0,0,1000000,1
42316.953761,4,0,0,1000000,1
42317.599864,4,0,0,1000000,1
42324.800619,4,0,0,1000000,1
42324.992819,4,0,0,1000000,1
42326.314439,4,0,0,1000000,1
42336.412254,4,0,0,1000000,1
42353.769976,4,0,0,1000000,1
42358.215082,4,0,0,1000000,1
42376.090746,4,0,0,1000000,1
42376.303092,4,0,0,1000000,1
42390.488160,4,0,0,1000000,1
42392.270832,4,0,0,1000000,1
42399.939459,4,0,0,1000000,1
42407.893607,4,0,0,1000000,1
42417.291578,4,0,0,1000000,1
42420.224137,4,0,0,1000000,1
42432.979607,4,0,0,1000000,1
42434.405298,4,0,0,1000000,1
42447.430193,4,0,0,1000000,1
42452.044183,4,0,0,1000000,1
42472.262698,4,0,0,1000000,1
42472.421339,4,0,0,1000000,1
42478.595141,4,0,0,1000000,1
42482.580152,4,0,0,1000000,1
42485.821512,4,0,0,1000000,1
42487.255747,4,0,0,1000000,1
42489.147472,4,0,0,1000000,1
42490.519166,4,0,0,1000000,1
42491.702327,4,0,0,1000000,1
42499.387341,4,0,0,1000000,1
42502.723536,4,0,0,1000000,1
42503.138702,4,0,0,1000000,1
42510.311153,4,0,0,1000000,1
42513.957417,4,0,0,1000000,1
42520.385187,4,0,0,1000000,1
42523.847908,4,0,0,1000000,1
42526.289223,4,0,0,1000000,1
42546.778609,4,0,0,1000000,1
42546.915552,4,0,0,1000000,1
42559.819378,4,0,0,1000000,1
42572.589382,4,0,0,1000000,1
42574.959323,4,0,0,1000000,1
42576.113168,4,0,0,1000000,1
42580.728334,4,0,0,1000000,1
42581.665124,4,0,0,1000000,1
42589.435535,4,0,0,1000000,1
42590.835793,4,0,0,1000000,1
42592.478327,4,0,0,1000000,1
42604.313303,4,0,0,1000000,1
42615.461159,4,0,0,1000000,1
42619.125207,4,0,0,1000000,1
42628.621154,4,0,0,1000000,1
42630.698957,4,0,0,1000000,1
42660.135914,4,0,0,1000000,1
42662.853885,4,0,0,1000000,1
42664.523495,4,0,0,1000000,1
42664.726469,4,0,0,1000000,1
42686.601120,4,0,0,1000000,1
42689.589951,4,0,0,1000000,1
42695.930433,4,0,0,1000000,1
42700.824662,4,0,0,1000000,1
42706.962540,4,0,0,1000000,1
42707.213315,4,0,0,1000000,1
42719.289012,4,0,0,1000000,1
42731.789300,4,0,0,1000000,1
42735.627406,4,0,0,1000000,1
42751.506100,4,0,0,1000000,1
42753.082698,4,0,0,1000000,1
42757.488289,4,0,0,1000000,1
42759.901937,4,0,0,1000000,1
42764.628993,4,0,0,1000000,1
42766.338219,4,0,0,1000000,1
42774.517948,4,0,0,1000000,1
42774.863736,4,0,0,1000000,1
42775.068223,4,0,0,1000000,1
42775.310368,4,0,0,1000000,1
42776.089768,4,0,0,1000000,1
42778.494616,4,0,0,1000000,1
42793.359446,4,0,0,1000000,1
42793.920752,4,0,0,1000000,1
42798.905599,4,0,0,1000000,1
42802.490478,4,0,0,1000000,1
42804.573524,4,0,0,1000000,1
42805.629403,4,0,0,1000000,1
42806.820690,4,0,0,1000000,1
42807.034885,4,0,0,1000000,1
42813.004362,4,0,0,1000000,1
42818.075248,4,0,0,1000000,1
42820.879067,4,0,0,1000000,1
42826.945772,4,0,0,1000000,1
42827.502675,4,0,0,1000000,1
42840.849813,4,0,0,1000000,1
42849.843010,4,0,0,1000000,1
42854.986182,4,0,0,1000000,1
42857.262190,4,0,0,1000000,1
42859.837774,4,0,0,1000000,1
42862.983383,4,0,0,1000000,1
42876.069796,4,0,0,1000000,1
42885.592091,4,0,0,1000000,1
42888.698813,4,0,0,1000000,1
42892.563919,4,0,0,1000000,1
42902.519118,4,0,0,1000000,1
42916.768910,4,0,0,1000000,1
42921.641591,4,0,0,1000000,1
42928.239870,4,0,0,1000000,1
42930.310977,4,0,0,1000000,1
42942.267580,4,0,0,1000000,1
42950.931258,4,0,0,1000000,1
42954.770013,4,0,0,1000000,1
42964.435810,4,0,0,1000000,1
42973.499962,4,0,0,1000000,1
42981.398457,4,0,0,1000000,1
42982.067938,4,0,0,1000000,1
42985.738386,4,0,0,1000000,1
42996.782323,4,0,0,1000000,1
43003.824693,4,0,0,1000000,1
43006.434370,4,0,0,1000000,1
43024.652341,4,0,0,1000000,1
43026.032391,4,0,0,1000000,1
43027.972500,4,0,0,1000000,1
43042.711546,4,0,0,1000000,1
43050.617630,4,0,0,1000000,1
43061.640267,4,0,0,1000000,1
43061.695989,4,0,0,1000000,1
43063.979184,4,0,0,1000000,1
43065.262910,4,0,0,1000000,1
43066.940139,4,0,0,1000000,1
43073.342440,4,0,0,1000000,1
43079.497464,4,0,0,1000000,1
43082.458789,4,0,0,1000000,1
43084.631598,4,0,0,1000000,1
43088.831946,4,0,0,1000000,1
43092.478812,4,0,0,1000000,1
43096.301839,4,0,0,1000000,1
43100.870333,4,0,0,1000000,1
43103.277536,4,0,0,1000000,1
43110.338436,4,0,0,1000000,1
43111.721230,4,0,0,1000000,1
43116.818710,4,0,0,1000000,1
43132.252633,4,0,0,1000000,1
43132.269655,4,0,0,1000000,1
43138.412156,4,0,0,1000000,1
43138.963793,4,0,0,1000000,1
43142.715121,4,0,0,1000000,1
43147.427970,4,0,0,1000000,1
43148.758350,4,0,0,1000000,1
43160.476971,4,0,0,1000000,1
43165.131200,4,0,0,1000000,1
43166.391056,4,0,0,1000000,1
43173.418855,4,0,0,1000000,1
43173.951817,4,0,0,1000000,1
43177.824513,4,0,0,1000000,1
43178.301422,4,0,0,1000000,1
43182.459288,4,0,0,1000000,1
43183.853439,4,0,0,1000000,1
43188.864312,4,0,0,1000000,1
43194.878374,4,0,0,1000000,1
43198.428611,4,0,0,1000000,1
43203.550602,4,0,0,1000000,1
43211.572490,4,0,0,1000000,1
43219.448605,4,0,0,1000000,1
43224.069658,4,0,0,1000000,1
43226.936910,4,0,0,1000000,1
43229.442415,4,0,0,1000000,1
43239.372504,4,0,0,1000000,1
43245.174436,4,0,0,1000000,1
43246.151886,4,0,0,1000000,1
43250.138854,4,0,0,1000000,1
43261.585943,4,0,0,1000000,1
43262.366665,4,0,0,1000000,1
43271.294155,4,0,0,1000000,1
43279.496271,4,0,0,1000000,1
43282.803219,4,0,0,1000000,1
43282.986333,4,0,0,1000000,1
43283.749150,4,0,0,1000000,1
43295.982453,4,0,0,1000000,1
43296.198315,4,0,0,1000000,1
43298.425841,4,0,0,1000000,1
43303.038827,4,0,0,1000000,1
43304.087253,4,0,0,1000000,1
43323.052012,4,0,0,1000000,1
43323.862573,4,0,0,1000000,1
43327.571048,4,0,0,1000000,1
43332.171150,4,0,0,1000000,1
43333.426623,4,0,0,1000000,1
43336.428168,4,0,0,1000000,1
43339.656216,4,0,0,1000000,1
43346.616500,4,0,0,1000000,1
43351.424651,4,0,0,1000000,1
43354.437325,4,0,0,1000000,1
43359.692649,4,0,0,1000000,1
43362.579753,4,0,0,1000000,1
43366.145345,4,0,0,1000000,1
43371.281966,4,0,0,1000000,1
43372.237535,4,0,0,1000000,1
43379.653240,4,0,0,1000000,1
43384.067473,4,0,0,1000000,1
43402.847172,4,0,0,1000000,1
43404.049445,4,0,0,1000000,1
43407.050609,4,0,0,1000000,1
43417.853056,4,0,0,1000000,1
43422.250085,4,0,0,1000000,1
43428.437685,4,0,0,1000000,1
43430.989597,4,0,0,1000000,1
43436.500905,4,0,0,1000000,1
43450.457506,4,0,0,1000000,1
43451.525244,4,0,0,1000000,1
43459.397710,4,0,0,1000000,1
43476.086007,4,0,0,1000000,1
43476.156158,4,0,0,1000000,1
43477.314537,4,0,0,1000000,1
43477.911353,4,0,0,1000000,1
43484.883156,4,0,0,1000000,1
43485.288045,4,0,0,1000000,1
43516.101177,4,0,0,1000000,1
43518.460874,4,0,0,1000000,1
43529.722626,4,0,0,1000000,1
43530.721486,4,0,0,1000000,1
43533.500469,4,0,0,1000000,1
43542.406168,4,0,0,1000000,1
43546.729843,4,0,0,1000000,1
43549.694354,4,0,0,1000000,1
43553.130085,4,0,0,1000000,1
43557.207651,4,0,0,1000000,1
43559.981909,4,0,0,1000000,1
43561.010204,4,0,0,1000000,1
43561.588582,4,0,0,1000000,1
43562.372333,4,0,0,1000000,1
43562.630065,4,0,0,1000000,1
43566.539995,4,0,0,1000000,1
43575.536151,4,0,0,1000000,1
43577.662830,4,0,0,1000000,1
43578.037093,4,0,0,1000000,1
43580.688300,4,0,0,1000000,1
43585.092224,4,0,0,1000000,1
43587.740761,4,0,0,1000000,1
43595.697235,4,0,0,1000000,1
43609.298022,4,0,0,1000000,1
43619.046998,4,0,0,1000000,1
43624.866142,4,0,0,1000000,1
43627.903557,4,0,0,1000000,1
43633.390526,4,0,0,1000000,1
43633.455099,4,0,0,1000000,1
43652.786876,4,0,0,1000000,1
43653.689510,4,0,0,1000000,1
43665.004891,4,0,0,1000000,1
43672.871025,4,0,0,1000000,1
43680.567478,4,0,0,1000000,1
43682.064834,4,0,0,1000000,1
43683.247296,4,0,0,1000000,1
43685.924178,4,0,0,1000000,1
43694.972412,4,0,0,1000000,1
43697.833374,4,0,0,1000000,1
43710.929868,4,0,0,1000000,1
43713.008754,4,0,0,1000000,1
43717.626166,4,0,0,1000000,1
43736.495695,4,0,0,1000000,1
43741.425385,4,0,0,1000000,1
43741.647969,4,0,0,1000000,1
43744.624930,4,0,0,1000000,1
43746.573231,4,0,0,1000000,1
43750.204478,4,0,0,1000000,1
43751.806341,4,0,0,1000000,1
43752.429683,4,0,0,1000000,1
43757.704371,4,0,0,1000000,1
43763.171221,4,0,0,1000000,1
43772.819432,4,0,0,1000000,1
43773.498207,4,0,0,1000000,1
43781.158459,4,0,0,1000000,1
43789.538409,4,0,0,1000000,1
43794.509672,4,0,0,1000000,1
43795.605799,4,0,0,1000000,1
43797.054267,4,0,0,1000000,1
43799.645691,4,0,0,1000000,1
43803.376230,4,0,0,1000000,1
43806.478505,4,0,0,1000000,1
43809.490369,4,0,0,1000000,1
43818.245352,4,0,0,1000000,1
43828.001373,4,0,0,1000000,1
43836.112677,4,0,0,1000000,1
43846.160752,4,0,0,1000000,1
43850.206156,4,0,0,1000000,1
43866.100806,4,0,0,1000000,1
43870.559527,4,0,0,1000000,1
43874.986807,4,0,0,1000000,1
43876.825340,4,0,0,1000000,1
43882.289857,4,0,0,1000000,1
43882.544940,4,0,0,1000000,1
43883.235657,4,0,0,1000000,1
43883.902661,4,0,0,1000000,1
43888.992378,4,0,0,1000000,1
43889.913843,4,0,0,1000000,1
43891.908320,4,0,0,1000000,1
43892.124966,4,0,0,1000000,1
43893.397528,4,0,0,1000000,1
43909.317256,4,0,0,1000000,1
43912.718681,4,0,0,1000000,1
43913.501568,4,0,0,1000000,1
43917.039995,4,0,0,1000000,1
43930.776189,4,0,0,1000000,1
43940.372397,4,0,0,1000000,1
43942.751349,4,0,0,1000000,1
43944.347344,4,0,0,1000000,1
43951.203538,4,0,0,1000000,1
43952.518393,4,0,0,1000000,1
43953.920564,4,0,0,1000000,1
43954.340407,4,0,0,1000000,1
43963.882054,4,0,0,1000000,1
43966.721489,4,0,0,1000000,1
43970.665221,4,0,0,1000000,1
43977.044145,4,0,0,1000000,1
43984.654070,4,0,0,1000000,1
43987.490123,4,0,0,1000000,1
43988.462840,4,0,0,1000000,1
43996.897297,4,0,0,1000000,1
43997.047812,4,0,0,1000000,1
44011.064443,4,0,0,1000000,1
44015.176823,4,0,0,1000000,1
44025.131442,4,0,0,1000000,1
44029.614781,4,0,0,1000000,1
44031.000490,4,0,0,1000000,1
44032.679042,4,0,0,1000000,1
44036.317866,4,0,0,1000000,1
44051.959123,4,0,0,1000000,1
44052.933996,4,0,0,1000000,1
44056.342818,4,0,0,1000000,1
44058.356496,4,0,0,1000000,1
44065.375842,4,0,0,1000000,1
44073.137960,4,0,0,1000000,1
44075.779484,4,0,0,1000000,1
44076.870806,4,0,0,1000000,1
44077.202758,4,0,0,1000000,1
44078.261314,4,0,0,1000000,1
44079.781378,4,0,0,1000000,1
44084.146797,4,0,0,1000000,1
44094.013797,4,0,0,1000000,1
44094.669760,4,0,0,1000000,1
44109.844298,4,0,0,1000000,1
44115.338395,4,0,0,1000000,1
44121.813656,4,0,0,1000000,1
44141.256563,4,0,0,1000000,1
44143.828331,4,0,0,1000000,1
44147.453471,4,0,0,1000000,1
44152.888224,4,0,0,1000000,1
44156.326167,4,0,0,1000000,1
44158.025015,4,0,0,1000000,1
44158.557323,4,0,0,1000000,1
44160.160429,4,0,0,1000000,1
44167.161699,4,0,0,1000000,1
44172.055596,4,0,0,1000000,1
44179.780619,4,0,0,1000000,1
44183.260403,4,0,0,1000000,1
44184.522781,4,0,0,1000000,1
44189.249049,4,0,0,1000000,1
44190.981385,4,0,0,1000000,1
44191.124659,4,0,0,1000000,1
44202.292958,4,0,0,1000000,1
44204.899801,4,0,0,1000000,1
44207.554392,4,0,0,1000000,1
44214.016472,4,0,0,1000000,1
44228.190922,4,0,0,1000000,1
44228.550757,4,0,0,1000000,1
44229.456993,4,0,0,1000000,1
44231.317061,4,0,0,1000000,1
44232.682149,4,0,0,1000000,1
44235.952517,4,0,0,1000000,1
44244.269173,4,0,0,1000000,1
44253.465700,4,0,0,1000000,1
44257.795996,4,0,0,1000000,1
44259.108897,4,0,0,1000000,1
44260.095490,4,0,0,1000000,1
44266.597246,4,0,0,1000000,1
44267.891564,4,0,0,1000000,1
44271.598084,4,0,0,1000000,1
44278.210839,4,0,0,1000000,1
44279.449306,4,0,0,1000000,1
44280.365954,4,0,0,1000000,1
44280.559768,4,0,0,1000000,1
44281.322956,4,0,0,1000000,1
44290.437264,4,0,0,1000000,1
44290.965573,4,0,0,1000000,1
44292.175608,4,0,0,1000000,1
44292.334809,4,0,0,1000000,1
44297.727190,4,0,0,1000000,1
44298.987098,4,0,0,1000000,1
44301.538371,4,0,0,1000000,1
44302.255421,4,0,0,1000000,1
44304.519027,4,0,0,1000000,1
44307.159534,4,0,0,1000000,1
44310.221068,4,0,0,1000000,1
44312.848342,4,0,0,1000000,1
44313.366628,4,0,0,1000000,1
44320.445607,4,0,0,1000000,1
44321.151036,4,0,0,1000000,1
44323.790338,4,0,0,1000000,1
44325.307481,4,0,0,1000000,1
44327.019275,4,0,0,1000000,1
44332.353877,4,0,0,1000000,1
44335.840259,4,0,0,1000000,1
44336.848020,4,0,0,1000000,1
44339.874938,4,0,0,1000000,1
44341.857777,4,0,0,1000000,1
44347.684965,4,0,0,1000000,1
44348.910110,4,0,0,1000000,1
44357.821242,4,0,0,1000000,1
44361.392058,4,0,0,1000000,1
44364.711228,4,0,0,1000000,1
44366.109898,4,0,0,1000000,1
44367.094511,4,0,0,1000000,1
44370.145664,4,0,0,1000000,1
44389.302356,4,0,0,1000000,1
44389.984023,4,0,0,1000000,1
44391.577315,4,0,0,1000000,1
44399.285777,4,0,0,1000000,1
44404.510121,4,0,0,1000000,1
44406.072134,4,0,0,1000000,1
44407.878124,4,0,0,1000000,1
44410.481494,4,0,0,1000000,1
44414.894782,4,0,0,1000000,1
44420.968283,4,0,0,1000000,1
44430.275005,4,0,0,1000000,1
44435.738133,4,0,0,1000000,1
44437.030997,4,0,0,1000000,1
44449.458618,4,0,0,1000000,1
44456.722192,4,0,0,1000000,1
44458.477771,4,0,0,1000000,1
44460.216707,4,0,0,1000000,1
44470.398332,4,0,0,1000000,1
44471.042508,4,0,0,1000000,1
44475.839954,4,0,0,1000000,1
44477.395043,4,0,0,1000000,1
44485.786917,4,0,0,1000000,1
44487.954074,4,0,0,1000000,1
44494.272654,4,0,0,1000000,1
44495.294191,4,0,0,1000000,1
44498.433269,4,0,0,1000000,1
44506.213075,4,0,0,1000000,1
44508.630888,4,0,0,1000000,1
44509.473262,4,0,0,1000000,1
44514.477532,4,0,0,1000000,1
44521.168036,4,0,0,1000000,1
44522.739564,4,0,0,1000000,1
44525.609075,4,0,0,1000000,1
44536.636939,4,0,0,1000000,1
44546.462768,4,0,0,1000000,1
44552.333674,4,0,0,1000000,1
44556.606025,4,0,0,1000000,1
44564.733746,4,0,0,1000000,1
44576.120240,4,0,0,1000000,1
44576.132241,4,0,0,1000000,1
44578.551953,4,0,0,1000000,1
44582.491579,4,0,0,1000000,1
44588.820156,4,0,0,1000000,1
44589.257704,4,0,0,1000000,1
44591.697499,4,0,0,1000000,1
44593.265234,4,0,0,1000000,1
44595.898046,4,0,0,1000000,1
44599.192004,4,0,0,1000000,1
44604.348928,4,0,0,1000000,1
44607.626324,4,0,0,1000000,1
44612.257269,4,0,0,1000000,1
44616.431770,4,0,0,1000000,1
44619.104735,4,0,0,1000000,1
44619.128581,4,0,0,1000000,1
44620.162555,4,0,0,1000000,1
44622.007474,4,0,0,1000000,1
44622.767351,4,0,0,1000000,1
44627.131281,4,0,0,1000000,1
44631.650583,4,0,0,1000000,1
44634.964719,4,0,0,1000000,1
44636.814156,4,0,0,1000000,1
44641.877010,4,0,0,1000000,1
44642.885930,4,0,0,1000000,1
44642.914124,4,0,0,1000000,1
44649.261040,4,0,0,1000000,1
44652.062574,4,0,0,1000000,1
44657.783297,4,0,0,1000000,1
44658.761383,4,0,0,1000000,1
44659.070488,4,0,0,1000000,1
44661.340939,4,0,0,1000000,1
44667.032562,4,0,0,1000000,1
44667.551177,4,0,0,1000000,1
44668.592978,4,0,0,1000000,1
44671.485115,4,0,0,1000000,1
44676.124644,4,0,0,1000000,1
44682.753507,4,0,0,1000000,1
44683.309116,4,0,0,1000000,1
44687.992684,4,0,0,1000000,1
44690.334782,4,0,0,1000000,1
44695.635499,4,0,0,1000000,1
44696.723445,4,0,0,1000000,1
44700.311334,4,0,0,1000000,1
44701.214460,4,0,0,1000000,1
44701.304600,4,0,0,1000000,1
44704.494688,4,0,0,1000000,1
44705.467699,4,0,0,1000000,1
44710.329245,4,0,0,1000000,1
44714.005593,4,0,0,1000000,1
44721.134543,4,0,0,1000000,1
44723.520530,4,0,0,1000000,1
44745.278284,4,0,0,1000000,1
44748.739239,4,0,0,1000000,1
44751.854204,4,0,0,1000000,1
44758.470043,4,0,0,1000000,1
44762.534197,4,0,0,1000000,1
44764.685898,4,0,0,1000000,1
44767.897412,4,0,0,1000000,1
44768.899577,4,0,0,1000000,1
44771.290476,4,0,0,1000000,1
44771.435882,4,0,0,1000000,1
44774.403691,4,0,0,1000000,1
44775.937395,4,0,0,1000000,1
44779.513119,4,0,0,1000000,1
44779.655128,4,0,0,1000000,1
44783.526336,4,0,0,1000000,1
44785.183665,4,0,0,1000000,1
44789.301844,4,0,0,1000000,1
44795.609747,4,0,0,1000000,1
44798.384164,4,0,0,1000000,1
44803.585463,4,0,0,1000000,1
44804.890420,4,0,0,1000000,1
44836.298042,4,0,0,1000000,1
44837.627989,4,0,0,1000000,1
44851.142549,4,0,0,1000000,1
44852.313187,4,0,0,1000000,1
44855.603203,4,0,0,1000000,1
44863.831297,4,0,0,1000000,1
44869.858178,4,0,0,1000000,1
44875.702920,4,0,0,1000000,1
44878.478214,4,0,0,1000000,1
44885.185202,4,0,0,1000000,1
44897.255412,4,0,0,1000000,1
44900.038496,4,0,0,1000000,1
44903.626857,4,0,0,1000000,1
44903.953412,4,0,0,1000000,1
44906.322210,4,0,0,1000000,1
44909.332088,4,0,0,1000000,1
44920.111501,4,0,0,1000000,1
44920.671528,4,0,0,1000000,1
44926.950323,4,0,0,1000000,1
44930.719324,4,0,0,1000000,1
44935.177937,4,0,0,1000000,1
44935.322463,4,0,0,1000000,1
44936.081047,4,0,0,1000000,1
44937.677814,4,0,0,1000000,1
44937.701159,4,0,0,1000000,1
44942.988383,4,0,0,1000000,1
44952.750133,4,0,0,1000000,1
44956.534904,4,0,0,1000000,1
44960.279704,4,0,0,1000000,1
44964.851292,4,0,0,1000000,1
44966.571118,4,0,0,1000000,1
44968.754916,4,0,0,1000000,1
44972.844323,4,0,0,1000000,1
44980.762949,4,0,0,1000000,1
44981.839125,4,0,0,1000000,1
44983.735776,4,0,0,1000000,1
44990.228798,4,0,0,1000000,1
44992.221631,4,0,0,1000000,1
44992.454808,4,0,0,1000000,1
44993.267531,4,0,0,1000000,1
44994.297639,4,0,0,1000000,1
44997.564384,4,0,0,1000000,1
45002.383582,4,0,0,1000000,1
45012.527212,4,0,0,1000000,1
45023.656380,4,0,0,1000000,1
45025.410436,4,0,0,1000000,1
45032.101991,4,0,0,1000000,1
45033.688387,4,0,0,1000000,1
45035.886131,4,0,0,1000000,1
45037.541626,4,0,0,1000000,1
45040.093706,4,0,0,1000000,1
45041.249077,4,0,0,1000000,1
45043.085421,4,0,0,1000000,1
45043.706904,4,0,0,1000000,1
45059.468144,4,0,0,1000000,1
45062.819617,4,0,0,1000000,1
45075.081552,4,0,0,1000000,1
45081.635179,4,0,0,1000000,1
45084.560279,4,0,0,1000000,1
45091.275971,4,0,0,1000000,1
45096.003025,4,0,0,1000000,1
45097.733665,4,0,0,1000000,1
45101.258590,4,0,0,1000000,1
45107.213894,4,0,0,1000000,1
45108.955222,4,0,0,1000000,1
45109.015459,4,0,0,1000000,1
45110.508415,4,0,0,1000000,1
45118.124371,4,0,0,1000000,1
45130.835163,4,0,0,1000000,1
45135.527749,4,0,0,1000000,1
45136.208872,4,0,0,1000000,1
45142.982341,4,0,0,1000000,1
45146.559979,4,0,0,1000000,1
45153.261021,4,0,0,1000000,1
45162.611874,4,0,0,1000000,1
45176.702041,4,0,0,1000000,1
45181.782566,4,0,0,1000000,1
45190.988458,4,0,0,1000000,1
45197.475289,4,0,0,1000000,1
45203.682856,4,0,0,1000000,1
45213.039766,4,0,0,1000000,1
45225.295635,4,0,0,1000000,1
45236.402269,4,0,0,1000000,1
45238.810278,4,0,0,1000000,1
45239.229782,4,0,0,1000000,1
45247.687764,4,0,0,1000000,1
45251.388482,4,0,0,1000000,1
45255.121913,4,0,0,1000000,1
45263.458097,4,0,0,1000000,1
45263.613480,4,0,0,1000000,1
45273.667779,4,0,0,1000000,1
45273.836264,4,0,0,1000000,1
45279.484033,4,0,0,1000000,1
45283.716634,4,0,0,1000000,1
45288.623409,4,0,0,1000000,1
45290.862997,4,0,0,1000000,1
45292.403213,4,0,0,1000000,1
45295.807260,4,0,0,1000000,1
45306.179891,4,0,0,1000000,1
45310.161991,4,0,0,1000000,1
45315.363177,4,0,0,1000000,1
45318.146497,4,0,0,1000000,1
45335.261433,4,0,0,1000000,1
45341.747046,4,0,0,1000000,1
45343.842377,4,0,0,1000000,1
45348.908995,4,0,0,1000000,1
45352.648069,4,0,0,1000000,1
45362.947295,4,0,0,1000000,1
45364.484821,4,0,0,1000000,1
45365.031485,4,0,0,1000000,1
45366.046244,4,0,0,1000000,1
45368.385890,4,0,0,1000000,1
45377.585279,4,0,0,1000000,1
45379.095132,4,0,0,1000000,1
45383.800847,4,0,0,1000000,1
45388.470787,4,0,0,1000000,1
45390.977076,4,0,0,1000000,1
45391.223944,4,0,0,1000000,1
45397.752662,4,0,0,1000000,1
45399.428468,4,0,0,1000000,1
45401.857948,4,0,0,1000000,1
45404.121724,4,0,0,1000000,1
45409.329353,4,0,0,1000000,1
45409.760936,4,0,0,1000000,1
45413.576634,4,0,0,1000000,1
45413.650925,4,0,0,1000000,1
45433.138209,4,0,0,1000000,1
45437.499321,4,0,0,1000000,1
45439.816157,4,0,0,1000000,1
45440.574744,4,0,0,1000000,1
45446.280253,4,0,0,1000000,1
45457.572642,4,0,0,1000000,1
45459.402832,4,0,0,1000000,1
45466.355531,4,0,0,1000000,1
45467.975821,4,0,0,1000000,1
45483.041470,4,0,0,1000000,1
45488.833501,4,0,0,1000000,1
45493.522064,4,0,0,1000000,1
45506.283764,4,0,0,1000000,1
45507.781815,4,0,0,1000000,1
45520.075873,4,0,0,1000000,1
45525.493818,4,0,0,1000000,1
45532.547270,4,0,0,1000000,1
45536.599660,4,0,0,1000000,1
45545.180685,4,0,0,1000000,1
45550.908376,4,0,0,1000000,1
45551.666184,4,0,0,1000000,1
45556.197333,4,0,0,1000000,1
45557.763072,4,0,0,1000000,1
45569.595942,4,0,0,1000000,1
45570.652017,4,0,0,1000000,1
45572.260370,4,0,0,1000000,1
45572.493765,4,0,0,1000000,1
45575.330433,4,0,0,1000000,1
45579.228587,4,0,0,1000000,1
45583.302514,4,0,0,1000000,1
45594.573079,4,0,0,1000000,1
45596.613242,4,0,0,1000000,1
45599.449470,4,0,0,1000000,1
45608.557307,4,0,0,1000000,1
45612.668010,4,0,0,1000000,1
45617.741005,4,0,0,1000000,1
45619.300375,4,0,0,1000000,1
45622.495320,4,0,0,1000000,1
45627.132367,4,0,0,1000000,1
45627.816723,4,0,0,1000000,1
45627.976674,4,0,0,1000000,1
45628.552060,4,0,0,1000000,1
45631.654547,4,0,0,1000000,1
45631.770797,4,0,0,1000000,1
45636.474596,4,0,0,1000000,1
45636.965397,4,0,0,1000000,1
45638.346650,4,0,0,1000000,1
45641.004258,4,0,0,1000000,1
45641.592687,4,0,0,1000000,1
45643.100620,4,0,0,1000000,1
45643.202458,4,0,0,1000000,1
45663.291587,4,0,0,1000000,1
45667.811801,4,0,0,1000000,1
45670.084138,4,0,0,1000000,1
45670.212656,4,0,0,1000000,1
45672.574129,4,0,0,1000000,1
45675.454078,4,0,0,1000000,1
45688.234341,4,0,0,1000000,1
45689.794670,4,0,0,1000000,1
45694.354530,4,0,0,1000000,1
45699.584459,4,0,0,1000000,1
45700.567929,4,0,0,1000000,1
45703.936590,4,0,0,1000000,1
45711.317494,4,0,0,1000000,1
45711.802982,4,0,0,1000000,1
45716.255523,4,0,0,1000000,1
45716.381742,4,0,0,1000000,1
45716.415544,4,0,0,1000000,1
45716.708912,4,0,0,1000000,1
45719.847572,4,0,0,1000000,1
45732.274136,4,0,0,1000000,1
45734.760362,4,0,0,1000000,1
45735.133187,4,0,0,1000000,1
45744.577609,4,0,0,1000000,1
45748.078991,4,0,0,1000000,1
45749.914984,4,0,0,1000000,1
45765.678046,4,0,0,1000000,1
45778.989638,4,0,0,1000000,1
45780.429043,4,0,0,1000000,1
45781.503993,4,0,0,1000000,1
45785.753126,4,0,0,1000000,1
45794.588695,4,0,0,1000000,1
45796.551170,4,0,0,1000000,1
45800.771562,4,0,0,1000000,1
45801.617763,4,0,0,1000000,1
45802.652196,4,0,0,1000000,1
45809.500479,4,0,0,1000000,1
45810.277873,4,0,0,1000000,1
45811.755465,4,0,0,1000000,1
45817.345937,4,0,0,1000000,1
45817.418614,4,0,0,1000000,1
45817.575035,4,0,0,1000000,1
45819.195511,4,0,0,1000000,1
45821.157281,4,0,0,1000000,1
45823.307113,4,0,0,1000000,1
45831.175247,4,0,0,1000000,1
45831.350406,4,0,0,1000000,1
45833.471688,4,0,0,1000000,1
45838.332373,4,0,0,1000000,1
45839.070033,4,0,0,1000000,1
45848.391459,4,0,0,1000000,1
45853.349412,4,0,0,1000000,1
45853.934958,4,0,0,1000000,1
45855.050213,4,0,0,1000000,1
45861.591394,4,0,0,1000000,1
45864.060357,4,0,0,1000000,1
45867.227394,4,0,0,1000000,1
45877.668839,4,0,0,1000000,1
45878.375585,4,0,0,1000000,1
45894.315192,4,0,0,1000000,1
45894.523432,4,0,0,1000000,1
45895.024084,4,0,0,1000000,1
45896.231616,4,0,0,1000000,1
45904.084762,4,0,0,1000000,1
45906.993737,4,0,0,1000000,1
45912.056496,4,0,0,1000000,1
45912.972102,4,0,0,1000000,1
45913.843916,4,0,0,1000000,1
45917.360744,4,0,0,1000000,1
45923.805158,4,0,0,1000000,1
45926.772481,4,0,0,1000000,1
45936.510568,4,0,0,1000000,1
45941.673073,4,0,0,1000000,1
45943.042398,4,0,0,1000000,1
45944.322251,4,0,0,1000000,1
45946.561583,4,0,0,1000000,1
45953.316273,4,0,0,1000000,1
45966.602837,4,0,0,1000000,1
45976.066380,4,0,0,1000000,1
45977.516078,4,0,0,1000000,1
45980.056662,4,0,0,1000000,1
45984.576513,4,0,0,1000000,1
45988.359873,4,0,0,1000000,1
45990.716931,4,0,0,1000000,1
45991.228106,4,0,0,1000000,1
45997.182290,4,0,0,1000000,1
45997.623310,4,0,0,1000000,1
46007.233468,4,0,0,1000000,1
46016.750702,4,0,0,1000000,1
46022.642274,4,0,0,1000000,1
46025.827467,4,0,0,1000000,1
46031.568878,4,0,0,1000000,1
46033.970854,4,0,0,1000000,1
46041.604493,4,0,0,1000000,1
46048.983523,4,0,0,1000000,1
46049.791555,4,0,0,1000000,1
46051.619705,4,0,0,1000000,1
46053.634804,4,0,0,1000000,1
46055.799305,4,0,0,1000000,1
46059.796338,4,0,0,1000000,1
46059.999877,4,0,0,1000000,1
46065.156161,4,0,0,1000000,1
46066.232547,4,0,0,1000000,1
46068.807278,4,0,0,1000000,1
46071.672703,4,0,0,1000000,1
46073.722492,4,0,0,1000000,1
46076.032860,4,0,0,1000000,1
46076.983240,4,0,0,1000000,1
46077.320526,4,0,0,1000000,1
46081.150760,4,0,0,1000000,1
46085.481493,4,0,0,1000000,1
46086.233094,4,0,0,1000000,1
46087.488267,4,0,0,1000000,1
46089.101042,4,0,0,1000000,1
46097.592169,4,0,0,1000000,1
46098.388286,4,0,0,1000000,1
46102.227926,4,0,0,1000000,1
46106.241468,4,0,0,1000000,1
46108.252466,4,0,0,1000000,1
46110.316149,4,0,0,1000000,1
46125.597422,4,0,0,1000000,1
46129.449942,4,0,0,1000000,1
46134.505539,4,0,0,1000000,1
46137.731067,4,0,0,1000000,1
46142.703683,4,0,0,1000000,1
46147.146715,4,0,0,1000000,1
46147.896489,4,0,0,1000000,1
46149.844282,4,0,0,1000000,1
46152.793495,4,0,0,1000000,1
46153.447214,4,0,0,1000000,1
46155.603475,4,0,0,1000000,1
46156.841276,4,0,0,1000000,1
46165.830581,4,0,0,1000000,1
46167.827433,4,0,0,1000000,1
46169.056867,4,0,0,1000000,1
46171.564240,4,0,0,1000000,1
46177.056726,4,0,0,1000000,1
46177.381165,4,0,0,1000000,1
46178.334013,4,0,0,1000000,1
46183.999143,4,0,0,1000000,1
46190.668973,4,0,0,1000000,1
46195.265859,4,0,0,1000000,1
46205.368900,4,0,0,1000000,1
46206.252651,4,0,0,1000000,1
46212.064505,4,0,0,1000000,1
46223.976524,4,0,0,1000000,1
46224.757525,4,0,0,1000000,1
46226.093066,4,0,0,1000000,1
46229.874844,4,0,0,1000000,1
46231.890936,4,0,0,1000000,1
46237.499055,4,0,0,1000000,1
46237.782466,4,0,0,1000000,1
46238.620226,4,0,0,1000000,1
46244.641212,4,0,0,1000000,1
46261.502168,4,0,0,1000000,1
46274.182827,4,0,0,1000000,1
46285.240460,4,0,0,1000000,1
46285.893750,4,0,0,1000000,1
46286.647751,4,0,0,1000000,1
46287.006293,4,0,0,1000000,1
46290.744571,4,0,0,1000000,1
46300.979503,4,0,0,1000000,1
46304.606770,4,0,0,1000000,1
46311.881715,4,0,0,1000000,1
46312.879846,4,0,0,1000000,1
46322.385291,4,0,0,1000000,1
46323.377364,4,0,0,1000000,1
46323.646577,4,0,0,1000000,1
46326.262677,4,0,0,1000000,1
46330.134074,4,0,0,1000000,1
46347.015134,4,0,0,1000000,1
46347.475161,4,0,0,1000000,1
46349.005203,4,0,0,1000000,1
46349.536028,4,0,0,1000000,1
46351.902210,4,0,0,1000000,1
46353.532661,4,0,0,1000000,1
46356.974777,4,0,0,1000000,1
46359.021117,4,0,0,1000000,1
46371.612885,4,0,0,1000000,1
46379.071593,4,0,0,1000000,1
46388.504269,4,0,0,1000000,1
46389.167200,4,0,0,1000000,1
46393.258074,4,0,0,1000000,1
46394.413852,4,0,0,1000000,1
46404.101776,4,0,0,1000000,1
46404.174113,4,0,0,1000000,1
46404.708342,4,0,0,1000000,1
46406.963051,4,0,0,1000000,1
46409.421508,4,0,0,1000000,1
46410.973338,4,0,0,1000000,1
46411.456097,4,0,0,1000000,1
46412.060249,4,0,0,1000000,1
46413.889290,4,0,0,1000000,1
46428.285293,4,0,0,1000000,1
46429.396379,4,0,0,1000000,1
46435.971147,4,0,0,1000000,1
46437.398743,4,0,0,1000000,1
46437.580151,4,0,0,1000000,1
46437.657503,4,0,0,1000000,1
46438.449585,4,0,0,1000000,1
46441.413439,4,0,0,1000000,1
46448.154108,4,0,0,1000000,1
46454.391787,4,0,0,1000000,1
46456.468533,4,0,0,1000000,1
46459.586396,4,0,0,1000000,1
46467.628293,4,0,0,1000000,1
46476.340556,4,0,0,1000000,1
46478.183437,4,0,0,1000000,1
46478.203868,4,0,0,1000000,1
46478.433632,4,0,0,1000000,1
46484.832502,4,0,0,1000000,1
46486.354087,4,0,0,1000000,1
46489.493533,4,0,0,1000000,1
46490.512781,4,0,0,1000000,1
46499.489887,4,0,0,1000000,1
46502.835530,4,0,0,1000000,1
46506.415744,4,0,0,1000000,1
46508.039936,4,0,0,1000000,1
46511.469291,4,0,0,1000000,1
46511.478686,4,0,0,1000000,1
46513.031012,4,0,0,1000000,1
46515.081066,4,0,0,1000000,1
46516.677617,4,0,0,1000000,1
46517.107207,4,0,0,1000000,1
46520.633351,4,0,0,1000000,1
46528.058754,4,0,0,1000000,1
46541.718482,4,0,0,1000000,1
46545.005886,4,0,0,1000000,1
46549.311691,4,0,0,1000000,1
46550.954588,4,0,0,1000000,1
46551.726704,4,0,0,1000000,1
46552.402671,4,0,0,1000000,1
46558.703263,4,0,0,1000000,1
46565.041664,4,0,0,1000000,1
46565.986472,4,0,0,1000000,1
46568.537489,4,0,0,1000000,1
46572.847891,4,0,0,1000000,1
46573.487711,4,0,0,1000000,1
46580.843341,4,0,0,1000000,1
46585.468295,4,0,0,1000000,1
46590.033615,4,0,0,1000000,1
46595.807893,4,0,0,1000000,1
46616.634302,4,0,0,1000000,1
46620.584672,4,0,0,1000000,1
46630.135905,4,0,0,1000000,1
46632.729070,4,0,0,1000000,1
46637.808652,4,0,0,1000000,1
46650.206804,4,0,0,1000000,1
46655.422229,4,0,0,1000000,1
46657.148218,4,0,0,1000000,1
46661.772587,4,0,0,1000000,1
46663.841434,4,0,0,1000000,1
46665.701566,4,0,0,1000000,1
46670.204969,4,0,0,1000000,1
46671.040218,4,0,0,1000000,1
46674.228337,4,0,0,1000000,1
46688.147800,4,0,0,1000000,1
46690.463085,4,0,0,1000000,1
46691.464213,4,0,0,1000000,1
46694.488471,4,0,0,1000000,1
46703.275410,4,0,0,1000000,1
46712.115519,4,0,0,1000000,1
46720.524101,4,0,0,1000000,1
46720.579271,4,0,0,1000000,1
46722.064247,4,0,0,1000000,1
46765.053260,4,0,0,1000000,1
46765.662584,4,0,0,1000000,1
46768.882010,4,0,0,1000000,1
46776.342501,4,0,0,1000000,1
46776.965585,4,0,0,1000000,1
46782.156286,4,0,0,1000000,1
46785.356916,4,0,0,1000000,1
46786.389546,4,0,0,1000000,1
46796.470144,4,0,0,1000000,1
46797.427418,4,0,0,1000000,1
46802.298352,4,0,0,1000000,1
46808.752590,4,0,0,1000000,1
46812.706003,4,0,0,1000000,1
46817.443586,4,0,0,1000000,1
46818.049013,4,0,0,1000000,1
46819.809118,4,0,0,1000000,1
46824.035671,4,0,0,1000000,1
46826.441415,4,0,0,1000000,1
46831.653927,4,0,0,1000000,1
46840.784858,4,0,0,1000000,1
46841.793415,4,0,0,1000000,1
46852.958824,4,0,0,1000000,1
46855.268383,4,0,0,1000000,1
46868.972106,4,0,0,1000000,1
46873.564342,4,0,0,1000000,1
46881.026413,4,0,0,1000000,1
46884.483039,4,0,0,1000000,1
46888.103703,4,0,0,1000000,1
46890.000851,4,0,0,1000000,1
46890.663034,4,0,0,1000000,1
46892.977602,4,0,0,1000000,1
46894.134561,4,0,0,1000000,1
46894.294296,4,0,0,1000000,1
46895.830720,4,0,0,1000000,1
46896.782675,4,0,0,1000000,1
46906.742728,4,0,0,1000000,1
46907.147721,4,0,0,1000000,1
46908.119079,4,0,0,1000000,1
46913.938727,4,0,0,1000000,1
46925.965679,4,0,0,1000000,1
46927.350103,4,0,0,1000000,1
46927.453023,4,0,0,1000000,1
46942.899917,4,0,0,1000000,1
46948.379700,4,0,0,1000000,1
46950.157977,4,0,0,1000000,1
46953.214149,4,0,0,1000000,1
46957.585135,4,0,0,1000000,1
46959.823107,4,0,0,1000000,1
46969.743291,4,0,0,1000000,1
46975.934620,4,0,0,1000000,1
46990.688320,4,0,0,1000000,1
46992.755304,4,0,0,1000000,1
47005.983418,4,0,0,1000000,1
47009.100926,4,0,0,1000000,1
47014.015358,4,0,0,1000000,1
47020.393124,4,0,0,1000000,1
47028.314793,4,0,0,1000000,1
47030.726832,4,0,0,1000000,1
47033.566674,4,0,0,1000000,1
47041.691642,4,0,0,1000000,1
47047.734897,4,0,0,1000000,1
47061.251137,4,0,0,1000000,1
47079.855452,4,0,0,1000000,1
47080.797717,4,0,0,1000000,1
47082.034142,4,0,0,1000000,1
47088.050888,4,0,0,1000000,1
47094.627593,4,0,0,1000000,1
47099.045610,4,0,0,1000000,1
47109.074102,4,0,0,1000000,1
47110.461925,4,0,0,1000000,1
47112.444378,4,0,0,1000000,1
47115.706718,4,0,0,1000000,1
47117.515355,4,0,0,1000000,1
47121.284018,4,0,0,1000000,1
47126.767675,4,0,0,1000000,1
47127.957569,4,0,0,1000000,1
47131.132655,4,0,0,1000000,1
47154.837561,4,0,0,1000000,1
47156.710369,4,0,0,1000000,1
47156.882460,4,0,0,1000000,1
47165.009383,4,0,0,1000000,1
47168.354344,4,0,0,1000000,1
47168.613554,4,0,0,1000000,1
47179.177601,4,0,0,1000000,1
47181.655448,4,0,0,1000000,1
47194.317336,4,0,0,1000000,1
47196.775667,4,0,0,1000000,1
47197.157801,4,0,0,1000000,1
47198.503067,4,0,0,1000000,1
47200.564126,4,0,0,1000000,1
47207.204558,4,0,0,1000000,1
47208.180912,4,0,0,1000000,1
47210.876013,4,0,0,1000000,1
47220.749115,4,0,0,1000000,1
47224.396528,4,0,0,1000000,1
47224.916935,4,0,0,1000000,1
47225.035614,4,0,0,1000000,1
47230.884082,4,0,0,1000000,1
47249.379442,4,0,0,1000000,1
47256.730539,4,0,0,1000000,1
47263.647224,4,0,0,1000000,1
47269.026196,4,0,0,1000000,1
47276.613015,4,0,0,1000000,1
47276.808233,4,0,0,1000000,1
47278.277852,4,0,0,1000000,1
47283.960066,4,0,0,1000000,1
47293.602848,4,0,0,1000000,1
47298.969455,4,0,0,1000000,1
47299.896393,4,0,0,1000000,1
47313.059096,4,0,0,1000000,1
47324.229746,4,0,0,1000000,1
47324.663137,4,0,0,1000000,1
47325.688120,4,0,0,1000000,1
47327.226563,4,0,0,1000000,1
47333.636466,4,0,0,1000000,1
47343.013137,4,0,0,1000000,1
47347.140735,4,0,0,1000000,1
47348.205244,4,0,0,1000000,1
47350.768744,4,0,0,1000000,1
47351.477793,4,0,0,1000000,1
47363.397677,4,0,0,1000000,1
47370.310397,4,0,0,1000000,1
47373.722296,4,0,0,1000000,1
47376.611128,4,0,0,1000000,1
47377.103304,4,0,0,1000000,1
47378.937469,4,0,0,1000000,1
47379.551951,4,0,0,1000000,1
47386.840553,4,0,0,1000000,1
47390.603380,4,0,0,1000000,1
47391.835832,4,0,0,1000000,1
47393.049303,4,0,0,1000000,1
47394.491158,4,0,0,1000000,1
47396.257039,4,0,0,1000000,1
47398.601827,4,0,0,1000000,1
47400.290025,4,0,0,1000000,1
47405.729892,4,0,0,1000000,1
47405.900554,4,0,0,1000000,1
47407.801374,4,0,0,1000000,1
47414.338679,4,0,0,1000000,1
47428.015889,4,0,0,1000000,1
47435.774761,4,0,0,1000000,1
47437.091768,4,0,0,1000000,1
47438.359224,4,0,0,1000000,1
47439.368459,4,0,0,1000000,1
47449.603854,4,0,0,1000000,1
47450.902194,4,0,0,1000000,1
47457.687711,4,0,0,1000000,1
47459.133779,4,0,0,1000000,1
47459.294585,4,0,0,1000000,1
47465.614628,4,0,0,1000000,1
47471.806468,4,0,0,1000000,1
47472.251809,4,0,0,1000000,1
47474.142615,4,0,0,1000000,1
47488.308437,4,0,0,1000000,1
47489.158657,4,0,0,1000000,1
47489.592016,4,0,0,1000000,1
47493.907833,4,0,0,1000000,1
47506.687172,4,0,0,1000000,1
47507.373649,4,0,0,1000000,1
47510.812937,4,0,0,1000000,1
47516.319548,4,0,0,1000000,1
47517.220752,4,0,0,1000000,1
47517.274880,4,0,0,1000000,1
47527.726021,4,0,0,1000000,1
47527.897465,4,0,0,1000000,1
47529.320357,4,0,0,1000000,1
47534.361561,4,0,0,1000000,1
47535.970358,4,0,0,1000000,1
47536.016987,4,0,0,1000000,1
47540.112156,4,0,0,1000000,1
47541.870570,4,0,0,1000000,1
47542.655933,4,0,0,1000000,1
47559.626256,4,0,0,1000000,1
47560.488044,4,0,0,1000000,1
47566.697963,4,0,0,1000000,1
47577.280311,4,0,0,1000000,1
47586.634661,4,0,0,1000000,1
47587.608136,4,0,0,1000000,1
47588.899914,4,0,0,1000000,1
47588.988503,4,0,0,1000000,1
47601.796716,4,0,0,1000000,1
47612.224001,4,0,0,1000000,1
47616.549996,4,0,0,1000000,1
47617.103633,4,0,0,1000000,1
47618.014734,4,0,0,1000000,1
47622.126918,4,0,0,1000000,1
47623.512610,4,0,0,1000000,1
47625.218690,4,0,0,1000000,1
47626.115035,4,0,0,1000000,1
47627.119873,4,0,0,1000000,1
47630.095622,4,0,0,1000000,1
47633.504205,4,0,0,1000000,1
47636.929455,4,0,0,1000000,1
47664.923591,4,0,0,1000000,1
47665.587044,4,0,0,1000000,1
47672.332979,4,0,0,1000000,1
47679.879160,4,0,0,1000000,1
47684.081707,4,0,0,1000000,1
47687.051377,4,0,0,1000000,1
47697.753422,4,0,0,1000000,1
47706.172480,4,0,0,1000000,1
47706.419126,4,0,0,1000000,1
47722.175910,4,0,0,1000000,1
47722.211124,4,0,0,1000000,1
47726.280247,4,0,0,1000000,1
47730.341522,4,0,0,1000000,1
47738.936236,4,0,0,1000000,1
47741.257745,4,0,0,1000000,1
47741.714021,4,0,0,1000000,1
47745.879915,4,0,0,1000000,1
47746.000179,4,0,0,1000000,1
47748.146862,4,0,0,1000000,1
47768.323488,4,0,0,1000000,1
47778.031053,4,0,0,1000000,1
47778.821955,4,0,0,1000000,1
47786.487093,4,0,0,1000000,1
47794.450535,4,0,0,1000000,1
47807.040918,4,0,0,1000000,1
47808.255507,4,0,0,1000000,1
47811.558890,4,0,0,1000000,1
47819.957512,4,0,0,1000000,1
47825.218455,4,0,0,1000000,1
47829.526405,4,0,0,1000000,1
47834.571615,4,0,0,1000000,1
47835.874099,4,0,0,1000000,1
47835.997767,4,0,0,1000000,1
47842.368461,4,0,0,1000000,1
47844.259910,4,0,0,1000000,1
47846.519983,4,0,0,1000000,1
47851.053043,4,0,0,1000000,1
47856.170062,4,0,0,1000000,1
47857.254041,4,0,0,1000000,1
47865.613693,4,0,0,1000000,1
47867.900297,4,0,0,1000000,1
47872.675412,4,0,0,1000000,1
47888.896672,4,0,0,1000000,1
47892.873240,4,0,0,1000000,1
47894.998367,4,0,0,1000000,1
47899.610481,4,0,0,1000000,1
47902.940898,4,0,0,1000000,1
47905.819255,4,0,0,1000000,1
47912.118239,4,0,0,1000000,1
47924.468598,4,0,0,1000000,1
47927.587674,4,0,0,1000000,1
47928.029191,4,0,0,1000000,1
47932.059518,4,0,0,1000000,1
47933.402567,4,0,0,1000000,1
47933.595595,4,0,0,1000000,1
47941.013345,4,0,0,1000000,1
47942.535823,4,0,0,1000000,1
47949.710123,4,0,0,1000000,1
47952.911953,4,0,0,1000000,1
47954.740932,4,0,0,1000000,1
47956.542584,4,0,0,1000000,1
47956.747806,4,0,0,1000000,1
47960.401772,4,0,0,1000000,1
47968.693765,4,0,0,1000000,1
47969.112611,4,0,0,1000000,1
47969.661908,4,0,0,1000000,1
47973.263354,4,0,0,1000000,1
47978.422059,4,0,0,1000000,1
47984.094059,4,0,0,1000000,1
47985.890114,4,0,0,1000000,1
47986.074191,4,0,0,1000000,1
47988.633387,4,0,0,1000000,1
47989.858216,4,0,0,1000000,1
47989.863548,4,0,0,1000000,1
47995.396207,4,0,0,1000000,1
48009.917168,4,0,0,1000000,1
48012.288939,4,0,0,1000000,1
48013.995883,4,0,0,1000000,1
48017.852770,4,0,0,1000000,1
48026.984398,4,0,0,1000000,1
48034.558722,4,0,0,1000000,1
48040.076804,4,0,0,1000000,1
48042.781435,4,0,0,1000000,1
48048.386387,4,0,0,1000000,1
48049.549737,4,0,0,1000000,1
48051.146238,4,0,0,1000000,1
48058.336649,4,0,0,1000000,1
48071.046556,4,0,0,1000000,1
48072.054095,4,0,0,1000000,1
48073.732194,4,0,0,1000000,1
48073.761972,4,0,0,1000000,1
48076.462019,4,0,0,1000000,1
48077.590558,4,0,0,1000000,1
48082.493006,4,0,0,1000000,1
48088.403279,4,0,0,1000000,1
48089.007688,4,0,0,1000000,1
48089.417405,4,0,0,1000000,1
48100.736595,4,0,0,1000000,1
48103.093370,4,0,0,1000000,1
48106.737118,4,0,0,1000000,1
48122.527311,4,0,0,1000000,1
48129.330123,4,0,0,1000000,1
48131.212694,4,0,0,1000000,1
48131.641746,4,0,0,1000000,1
48135.312416,4,0,0,1000000,1
48137.270601,4,0,0,1000000,1
48137.375397,4,0,0,1000000,1
48144.424457,4,0,0,1000000,1
48146.747467,4,0,0,1000000,1
48150.796352,4,0,0,1000000,1
48157.533924,4,0,0,1000000,1
48171.050019,4,0,0,1000000,1
48175.579457,4,0,0,1000000,1
48177.390670,4,0,0,1000000,1
48177.948113,4,0,0,1000000,1
48178.315186,4,0,0,1000000,1
48180.156479,4,0,0,1000000,1
48185.325001,4,0,0,1000000,1
48191.003365,4,0,0,1000000,1
48192.116330,4,0,0,1000000,1
48192.529443,4,0,0,1000000,1
48194.272128,4,0,0,1000000,1
48198.063301,4,0,0,1000000,1
48204.779916,4,0,0,1000000,1
48208.385440,4,0,0,1000000,1
48210.002281,4,0,0,1000000,1
48214.680200,4,0,0,1000000,1
48216.150827,4,0,0,1000000,1
48221.205897,4,0,0,1000000,1
48230.022678,4,0,0,1000000,1
48234.892221,4,0,0,1000000,1
48238.878081,4,0,0,1000000,1
48240.632008,4,0,0,1000000,1
48250.640180,4,0,0,1000000,1
48272.120532,4,0,0,1000000,1
48279.303609,4,0,0,1000000,1
48283.378464,4,0,0,1000000,1
48284.106514,4,0,0,1000000,1
48285.914467,4,0,0,1000000,1
48288.099226,4,0,0,1000000,1
48289.749106,4,0,0,1000000,1
48292.571722,4,0,0,1000000,1
48297.080370,4,0,0,1000000,1
48298.224790,4,0,0,1000000,1
48299.598379,4,0,0,1000000,1
48300.166975,4,0,0,1000000,1
48301.923983,4,0,0,1000000,1
48305.212894,4,0,0,1000000,1
48308.429680,4,0,0,1000000,1
48334.341988,4,0,0,1000000,1
48353.314031,4,0,0,1000000,1
48356.056314,4,0,0,1000000,1
48373.150968,4,0,0,1000000,1
48374.304405,4,0,0,1000000,1
48378.027874,4,0,0,1000000,1
48380.915485,4,0,0,1000000,1
48397.310271,4,0,0,1000000,1
48405.957119,4,0,0,1000000,1
48407.109029,4,0,0,1000000,1
48409.876629,4,0,0,1000000,1
48410.758521,4,0,0,1000000,1
48414.358255,4,0,0,1000000,1
48421.898134,4,0,0,1000000,1
48422.072789,4,0,0,1000000,1
48423.088061,4,0,0,1000000,1
48441.215097,4,0,0,1000000,1
48456.697564,4,0,0,1000000,1
48460.584967,4,0,0,1000000,1
48465.550023,4,0,0,1000000,1
48467.068065,4,0,0,1000000,1
48481.591874,4,0,0,1000000,1
48486.888020,4,0,0,1000000,1
48492.141414,4,0,0,1000000,1
48492.194785,4,0,0,1000000,1
48501.358607,4,0,0,1000000,1
48508.559909,4,0,0,1000000,1
48514.080529,4,0,0,1000000,1
48520.533936,4,0,0,1000000,1
48521.347880,4,0,0,1000000,1
48527.411790,4,0,0,1000000,1
48527.898545,4,0,0,1000000,1
48533.765566,4,0,0,1000000,1
48533.778162,4,0,0,1000000,1
48540.933958,4,0,0,1000000,1
48544.167162,4,0,0,1000000,1
48545.260072,4,0,0,1000000,1
48551.505366,4,0,0,1000000,1
48553.318381,4,0,0,1000000,1
48563.607779,4,0,0,1000000,1
48564.557736,4,0,0,1000000,1
48577.891747,4,0,0,1000000,1
48594.774137,4,0,0,1000000,1
48596.509770,4,0,0,1000000,1
48605.993445,4,0,0,1000000,1
48614.818733,4,0,0,1000000,1
48617.460696,4,0,0,1000000,1
48619.621546,4,0,0,1000000,1
48621.208005,4,0,0,1000000,1
48645.090113,4,0,0,1000000,1
48646.502027,4,0,0,1000000,1
48658.615549,4,0,0,1000000,1
48661.288537,4,0,0,1000000,1
48674.385541,4,0,0,1000000,1
48683.110894,4,0,0,1000000,1
48683.920334,4,0,0,1000000,1
48688.002365,4,0,0,1000000,1
48693.352784,4,0,0,1000000,1
48695.841126,4,0,0,1000000,1
48695.864495,4,0,0,1000000,1
48697.745586,4,0,0,1000000,1
48706.473909,4,0,0,1000000,1
48706.784055,4,0,0,1000000,1
48707.316551,4,0,0,1000000,1
48713.100104,4,0,0,1000000,1
48716.550654,4,0,0,1000000,1
48719.846404,4,0,0,1000000,1
48722.082401,4,0,0,1000000,1
48726.504444,4,0,0,1000000,1
48735.619713,4,0,0,1000000,1
48737.169578,4,0,0,1000000,1
48746.073723,4,0,0,1000000,1
48748.649736,4,0,0,1000000,1
48751.972396,4,0,0,1000000,1
48758.224347,4,0,0,1000000,1
48759.655379,4,0,0,1000000,1
48771.827182,4,0,0,1000000,1
48777.615260,4,0,0,1000000,1
48782.226877,4,0,0,1000000,1
48783.750936,4,0,0,1000000,1
48789.440232,4,0,0,1000000,1
48790.861557,4,0,0,1000000,1
48798.965008,4,0,0,1000000,1
48799.020164,4,0,0,1000000,1
48799.890921,4,0,0,1000000,1
48803.791681,4,0,0,1000000,1
48809.746466,4,0,0,1000000,1
48812.988359,4,0,0,1000000,1
48823.036751,4,0,0,1000000,1
48840.838890,4,0,0,1000000,1
48843.822270,4,0,0,1000000,1
48850.805668,4,0,0,1000000,1
48854.069192,4,0,0,1000000,1
48859.298128,4,0,0,1000000,1
48860.515742,4,0,0,1000000,1
48861.070313,4,0,0,1000000,1
48879.538601,4,0,0,1000000,1
48887.604232,4,0,0,1000000,1
48889.210357,4,0,0,1000000,1
48893.423806,4,0,0,1000000,1
48895.709367,4,0,0,1000000,1
48896.636663,4,0,0,1000000,1
48899.230869,4,0,0,1000000,1
48900.916610,4,0,0,1000000,1
48900.996741,4,0,0,1000000,1
48903.338900,4,0,0,1000000,1
48915.466748,4,0,0,1000000,1
48923.886364,4,0,0,1000000,1
48927.966053,4,0,0,1000000,1
48929.800017,4,0,0,1000000,1
48931.057195,4,0,0,1000000,1
48945.989967,4,0,0,1000000,1
48949.964601,4,0,0,1000000,1
48951.137593,4,0,0,1000000,1
48952.509414,4,0,0,1000000,1
48967.847628,4,0,0,1000000,1
48969.151984,4,0,0,1000000,1
48969.691400,4,0,0,1000000,1
48970.663147,4,0,0,1000000,1
48977.610376,4,0,0,1000000,1
48983.507091,4,0,0,1000000,1
48986.261088,4,0,0,1000000,1
48993.808376,4,0,0,1000000,1
48997.292043,4,0,0,1000000,1
48999.843368,4,0,0,1000000,1
49000.440537,4,0,0,1000000,1
49010.733783,4,0,0,1000000,1
49012.274865,4,0,0,1000000,1
49016.853111,4,0,0,1000000,1
49036.795632,4,0,0,1000000,1
49037.799445,4,0,0,1000000,1
49053.849695,4,0,0,1000000,1
49058.905074,4,0,0,1000000,1
49059.563783,4,0,0,1000000,1
49066.629054,4,0,0,1000000,1
49081.121507,4,0,0,1000000,1
49085.076096,4,0,0,1000000,1
49090.652125,4,0,0,1000000,1
49090.779757,4,0,0,1000000,1
49112.369890,4,0,0,1000000,1
49114.202523,4,0,0,1000000,1
49114.318171,4,0,0,1000000,1
49122.220479,4,0,0,1000000,1
49139.530371,4,0,0,1000000,1
49145.925253,4,0,0,1000000,1
49145.938348,4,0,0,1000000,1
49146.251231,4,0,0,1000000,1
49150.446723,4,0,0,1000000,1
49152.401954,4,0,0,1000000,1
49162.610411,4,0,0,1000000,1
49172.499527,4,0,0,1000000,1
49193.452850,4,0,0,1000000,1
49199.466996,4,0,0,1000000,1
49209.479308,4,0,0,1000000,1
49211.320316,4,0,0,1000000,1
49211.883673,4,0,0,1000000,1
49221.468439,4,0,0,1000000,1
49223.197117,4,0,0,1000000,1
49225.795413,4,0,0,1000000,1
49230.759653,4,0,0,1000000,1
49235.200849,4,0,0,1000000,1
49237.812258,4,0,0,1000000,1
49240.144925,4,0,0,1000000,1
49240.770554,4,0,0,1000000,1
49244.419000,4,0,0,1000000,1
49245.686074,4,0,0,1000000,1
49252.405383,4,0,0,1000000,1
49257.775865,4,0,0,1000000,1
49258.132668,4,0,0,1000000,1
49279.806223,4,0,0,1000000,1
49287.053691,4,0,0,1000000,1
49288.289538,4,0,0,1000000,1
49288.438795,4,0,0,1000000,1
49291.549620,4,0,0,1000000,1
49293.628972,4,0,0,1000000,1
49297.408926,4,0,0,1000000,1
49302.560914,4,0,0,1000000,1
49310.188039,4,0,0,1000000,1
49310.253223,4,0,0,1000000,1
49316.241594,4,0,0,1000000,1
49317.914608,4,0,0,1000000,1
49338.458450,4,0,0,1000000,1
49347.408396,4,0,0,1000000,1
49351.337043,4,0,0,1000000,1
49355.690287,4,0,0,1000000,1
49356.709798,4,0,0,1000000,1
49357.935909,4,0,0,1000000,1
49358.735371,4,0,0,1000000,1
49361.003555,4,0,0,1000000,1
49361.571100,4,0,0,1000000,1
49364.993346,4,0,0,1000000,1
49369.856672,4,0,0,1000000,1
49370.479748,4,0,0,1000000,1
49372.496401,4,0,0,1000000,1
49372.845077,4,0,0,1000000,1
49376.411169,4,0,0,1000000,1
49381.433278,4,0,0,1000000,1
49386.001710,4,0,0,1000000,1
49394.038360,4,0,0,1000000,1
49395.322364,4,0,0,1000000,1
49399.924599,4,0,0,1000000,1
49401.648859,4,0,0,1000000,1
49402.093196,4,0,0,1000000,1
49403.834166,4,0,0,1000000,1
49404.188031,4,0,0,1000000,1
49419.406842,4,0,0,1000000,1
49425.615535,4,0,0,1000000,1
49426.126923,4,0,0,1000000,1
49433.502647,4,0,0,1000000,1
49435.577666,4,0,0,1000000,1
49447.164482,4,0,0,1000000,1
49450.434874,4,0,0,1000000,1
49460.287179,4,0,0,1000000,1
49461.478072,4,0,0,1000000,1
49463.665346,4,0,0,1000000,1
49465.849936,4,0,0,1000000,1
49466.338355,4,0,0,1000000,1
49468.259881,4,0,0,1000000,1
49473.412513,4,0,0,1000000,1
49476.416159,4,0,0,1000000,1
49486.520507,4,0,0,1000000,1
49488.022665,4,0,0,1000000,1
49490.117381,4,0,0,1000000,1
49491.963338,4,0,0,1000000,1
49495.798702,4,0,0,1000000,1
49496.795452,4,0,0,1000000,1
49497.704828,4,0,0,1000000,1
49511.111835,4,0,0,1000000,1
49513.371071,4,0,0,1000000,1
49517.599198,4,0,0,1000000,1
49517.870373,4,0,0,1000000,1
49518.596078,4,0,0,1000000,1
49519.080400,4,0,0,1000000,1
49527.072217,4,0,0,1000000,1
49527.592582,4,0,0,1000000,1
49531.064409,4,0,0,1000000,1
49531.872720,4,0,0,1000000,1
49533.435121,4,0,0,1000000,1
49543.674767,4,0,0,1000000,1
49548.447927,4,0,0,1000000,1
49564.293201,4,0,0,1000000,1
49568.669659,4,0,0,1000000,1
49568.715381,4,0,0,1000000,1
49571.283387,4,0,0,1000000,1
49571.391880,4,0,0,1000000,1
49573.193246,4,0,0,1000000,1
49576.333975,4,0,0,1000000,1
49580.429228,4,0,0,1000000,1
49581.732554,4,0,0,1000000,1
49585.638264,4,0,0,1000000,1
49588.039711,4,0,0,1000000,1
49591.416298,4,0,0,1000000,1
49592.458888,4,0,0,1000000,1
49593.273847,4,0,0,1000000,1
49599.987489,4,0,0,1000000,1
49601.901581,4,0,0,1000000,1
49606.841111,4,0,0,1000000,1
49610.825036,4,0,0,1000000,1
49621.809023,4,0,0,1000000,1
49631.971191,4,0,0,1000000,1
49634.769356,4,0,0,1000000,1
49635.864358,4,0,0,1000000,1
49640.645291,4,0,0,1000000,1
49645.486957,4,0,0,1000000,1
49651.122634,4,0,0,1000000,1
49662.500262,4,0,0,1000000,1
49669.794202,4,0,0,1000000,1
49674.486276,4,0,0,1000000,1
49678.877698,4,0,0,1000000,1
49680.021174,4,0,0,1000000,1
49685.058007,4,0,0,1000000,1
49693.110879,4,0,0,1000000,1
49705.324685,4,0,0,1000000,1
49717.201589,4,0,0,1000000,1
49721.137828,4,0,0,1000000,1
49722.576038,4,0,0,1000000,1
49724.517490,4,0,0,1000000,1
49753.686656,4,0,0,1000000,1
49757.251101,4,0,0,1000000,1
49765.340355,4,0,0,1000000,1
49769.684700,4,0,0,1000000,1
49773.064662,4,0,0,1000000,1
49775.113077,4,0,0,1000000,1
49778.801773,4,0,0,1000000,1
49778.834074,4,0,0,1000000,1
49788.838708,4,0,0,1000000,1
49792.779171,4,0,0,1000000,1
49792.896669,4,0,0,1000000,1
49801.045179,4,0,0,1000000,1
49801.740361,4,0,0,1000000,1
49801.889104,4,0,0,1000000,1
49804.855192,4,0,0,1000000,1
49820.320544,4,0,0,1000000,1
49820.790372,4,0,0,1000000,1
49821.114691,4,0,0,1000000,1
49831.246985,4,0,0,1000000,1
49839.480296,4,0,0,1000000,1
49847.676221,4,0,0,1000000,1
49850.691300,4,0,0,1000000,1
49853.357244,4,0,0,1000000,1
49855.807509,4,0,0,1000000,1
49859.979437,4,0,0,1000000,1
49866.219862,4,0,0,1000000,1
49873.551568,4,0,0,1000000,1
49878.635715,4,0,0,1000000,1
49882.586868,4,0,0,1000000,1
49885.128377,4,0,0,1000000,1
49886.971246,4,0,0,1000000,1
49888.583155,4,0,0,1000000,1
49890.262025,4,0,0,1000000,1
49895.749819,4,0,0,1000000,1
49902.620305,4,0,0,1000000,1
49906.971815,4,0,0,1000000,1
49908.177043,4,0,0,1000000,1
49909.210297,4,0,0,1000000,1
49916.146524,4,0,0,1000000,1
49934.543588,4,0,0,1000000,1
49934.620249,4,0,0,1000000,1
49935.988352,4,0,0,1000000,1
49943.501186,4,0,0,1000000,1
49949.571733,4,0,0,1000000,1
49950.921301,4,0,0,1000000,1
49954.790420,4,0,0,1000000,1
49959.001071,4,0,0,1000000,1
49965.109537,4,0,0,1000000,1
49968.087537,4,0,0,1000000,1
49970.568067,4,0,0,1000000,1
49972.327982,4,0,0,1000000,1
49973.629165,4,0,0,1000000,1
49974.093138,4,0,0,1000000,1
49979.055395,4,0,0,1000000,1
49984.348584,4,0,0,1000000,1
49989.906051,4,0,0,1000000,1
49989.921112,4,0,0,1000000,1
49992.677756,4,0,0,1000000,1
49993.302689,4,0,0,1000000,1
49996.877337,4,0,0,1000000,1
50015.514978,4,0,0,1000000,1
50018.821314,4,0,0,1000000,1
50021.065256,4,0,0,1000000,1
50029.101146,4,0,0,1000000,1
50045.584184,4,0,0,1000000,1
50047.201960,4,0,0,1000000,1
50054.967318,4,0,0,1000000,1
50081.531979,4,0,0,1000000,1
50082.098818,4,0,0,1000000,1
50085.718490,4,0,0,1000000,1
50093.746340,4,0,0,1000000,1
50096.002866,4,0,0,1000000,1
50098.823944,4,0,0,1000000,1
50105.467719,4,0,0,1000000,1
50105.962568,4,0,0,1000000,1
50108.099752,4,0,0,1000000,1
50112.064473,4,0,0,1000000,1
50113.367394,4,0,0,1000000,1
50122.125752,4,0,0,1000000,1
50129.065345,4,0,0,1000000,1
50145.164533,4,0,0,1000000,1
50148.702755,4,0,0,1000000,1
50149.241157,4,0,0,1000000,1
50162.427074,4,0,0,1000000,1
50171.017643,4,0,0,1000000,1
50174.775583,4,0,0,1000000,1
50183.426110,4,0,0,1000000,1
50193.628803,4,0,0,1000000,1
50200.781937,4,0,0,1000000,1
50204.830074,4,0,0,1000000,1
50209.396351,4,0,0,1000000,1
50218.289096,4,0,0,1000000,1
50222.942112,4,0,0,1000000,1
50224.047614,4,0,0,1000000,1
50229.668874,4,0,0,1000000,1
50233.298406,4,0,0,1000000,1
50234.758709,4,0,0,1000000,1
50234.762470,4,0,0,1000000,1
50236.046045,4,0,0,1000000,1
50241.397397,4,0,0,1000000,1
50251.465809,4,0,0,1000000,1
50259.955558,4,0,0,1000000,1
50260.502435,4,0,0,1000000,1
50260.855109,4,0,0,1000000,1
50267.708544,4,0,0,1000000,1
50269.310990,4,0,0,1000000,1
50270.827128,4,0,0,1000000,1
50270.836699,4,0,0,1000000,1
50271.332570,4,0,0,1000000,1
50272.029093,4,0,0,1000000,1
50272.858863,4,0,0,1000000,1
50275.675967,4,0,0,1000000,1
50283.719460,4,0,0,1000000,1
50291.715923,4,0,0,1000000,1
50303.225352,4,0,0,1000000,1
50306.027644,4,0,0,1000000,1
50311.923476,4,0,0,1000000,1
50315.126475,4,0,0,1000000,1
50315.370865,4,0,0,1000000,1
50315.771671,4,0,0,1000000,1
50317.121000,4,0,0,1000000,1
50336.224682,4,0,0,1000000,1
50341.852591,4,0,0,1000000,1
50343.343880,4,0,0,1000000,1
50349.199721,4,0,0,1000000,1
50354.375394,4,0,0,1000000,1
50354.586933,4,0,0,1000000,1
50356.731309,4,0,0,1000000,1
50363.834472,4,0,0,1000000,1
50364.225368,4,0,0,1000000,1
50374.538132,4,0,0,1000000,1
50387.309058,4,0,0,1000000,1
50396.476641,4,0,0,1000000,1
50397.073462,4,0,0,1000000,1
50401.054285,4,0,0,1000000,1
50406.931274,4,0,0,1000000,1
50417.395070,4,0,0,1000000,1
50417.876311,4,0,0,1000000,1
50425.962033,4,0,0,1000000,1
50427.519131,4,0,0,1000000,1
50431.807712,4,0,0,1000000,1
50437.889002,4,0,0,1000000,1
50445.062201,4,0,0,1000000,1
50446.730814,4,0,0,1000000,1
50451.199656,4,0,0,1000000,1
50452.819777,4,0,0,1000000,1
50483.349775,4,0,0,1000000,1
50491.402788,4,0,0,1000000,1
50493.957209,4,0,0,1000000,1
50504.058021,4,0,0,1000000,1
50510.361120,4,0,0,1000000,1
50522.987573,4,0,0,1000000,1
50523.887513,4,0,0,1000000,1
50525.557279,4,0,0,1000000,1
50526.027753,4,0,0,1000000,1
50527.857048,4,0,0,1000000,1
50530.151232,4,0,0,1000000,1
50534.938930,4,0,0,1000000,1
50537.987376,4,0,0,1000000,1
50544.032523,4,0,0,1000000,1
50545.531758,4,0,0,1000000,1
50546.440050,4,0,0,1000000,1
